2404 4354
269 203 306 272 s
394 163 820 273 crunnum
900 151 925 241 l
994 157 1092 286 272'
1179 267 1187 290 g

75 371 183 439 vibus·
194 371 335 450 circiter
352 394 372 437 u
385 375 610 465 celeriterque
622 372 808 444 coniunctis
824 379 925 464 atque
938 397 980 446 eo
992 381 1056 450 rni-

73 459 199 526 litibus
222 460 392 551 impositis
414 469 451 528 et
469 463 520 530 rei
539 464 687 533 novitate
701 465 895 554 perterritis
914 466 1055 556 oppida·
1083 526 1088 558 ,

73 549 149 628 nis,
178 569 325 636 quorum
347 553 465 636 magne
486 572 567 655 pers
589 558 664 618 erat
687 551 731 618 ad
754 552 880 618 bellum
902 551 1052 644 euocata,
1130 621 1133 637 ,

72 636 149 700 sine
178 637 393 702 contentione
423 638 547 727 oppido
563 641 713 727 potitur.
770 638 909 706 Refecto
936 649 1050 730 ponte,
1084 643 1087 654 '

71 743 174 810 quem
194 723 431 811 superioribus
449 726 566 792 diebus
580 727 694 794 hostes
709 726 935 808 recciderant,
955 751 1050 798 exer-

71 812 178 874 citum
194 810 386 877 transducit
399 820 433 877 et
445 813 590 879 secundo
601 814 736 880 flumine
748 813 790 880 ed
800 813 967 882 Lutetiam
978 818 1048 884 iter
1084 819 1087 827 ’
1110 869 1115 877 ,
1130 881 1136 898 ,

69 899 184 962 lacere
205 899 331 988 coepit.
375 895 502 968 Hostes
519 903 706 986 recognita
728 902 774 968 ab'
784 903 846 983 iis,
869 903 928 990 qui
942 926 960 968 a
974 903 1046 971 Me-

68 984 198 1051 loduno
229 986 467 1072 profugerant,
500 985 672 1055 Lutetia'm
702 986 834 1058 incendi
859 995 1071 1079 pontesque
1114 1041 1119 1054 .

67 1073 141 1138 eius
164 1071 287 1160 oppidi
308 1073 455 1140 rescindi
471 1075 605 1159 iubent3
635 1077 702 1166 ipsi
721 1077 865 1164 proiecti
883 1099 901 1142 a
919 1079 1043 1164 palude
1178 1090 1181 1098 ’

65 1160 101 1228 in
116 1160 208 1247 ripis
225 1158 401 1247 Sequanae
421 1183 439 1226 e
462 1164 596 1252 regione
611 1161 768 1232 Lutetiae
787 1171 905 1242 contra
919 1165 1044 1234 Labie·

64 1249 101 1315 ni
116 1256 237 1314 castra
252 1247 442 1322 considunt.
731 1275 734 1280 ·

154 1349 260 1420 LIX.
300 1349 373 1420 Iam
394 1349 523 1421 caesar
543 1351 746 1439 aGergovia
765 1342 1043 1427 discessisseau·

63 1433 244 1520 diebatur3
266 1433 332 1504 iam
354 1437 395 1504 de
411 1439 609 1523 Aeduorum
628 1439 812 1508 defectione
835 1448 871 1505 et
891 1440 1045 1508 secundo·

64 1523 201 1591 Galliae
215 1532 310 1592 motu
323 1534 475 1622 rumqres
490 1525 727 1608 afferebantur,
750 1525 907 1614 Gallique
920 1529 955 1594 in
968 1530 1038 1595 col-

59 1601 189 1700 loquii's
205 1613 427 1698 interclusum
442 1615 561 1703 itinere
578 1622 614 1682 et
625 1612 741 1702 Ligeri
754 1610 943 1696 Gaesarem,
964 1615 1038 1682 iuo-

60 1701 116 1787 pia
146 1701 316 1767 frumenti
343 1697 494 1772 eoactum
522 1702 567 1770 in'
586 1699 798 1772 Provinciam
824 1697 1036 1769 contendisse
1125 1711 1130 1736 ¹

59 1787 319 1860 confirmabant.
362 1787 534 1866 Bellovaci
556 1796 669 1856 autem
691 1787 877 1878 delectione
896 1789 1035 1859 Aeduo·

60 1895 137 1940 rum
154 1877 303 1962 cognita,
326 1875 477 1964 quiante
491 1867 588 1942 er'ant
599 1900 662 1965 per
677 1900 713 1943 se
728 1875 894 1953 infideles,
914 1897 1033 1944 manue

59 1961 183 2047 cogere
198 1970 301 2051 etque
317 1975 432 2053 aperte
446 1965 569 2030 bellum
584 1987 706 2053 parare
720 1970 911 2050 coeperunt.
940 1963 1031 2032 Tum

51 2048 237 2115 *Labienus
251 2059 347 2142 tanta
361 2073 474 2117 rerum
491 2052 750 2118 commutatione
762 2050 860 2134 longe
876 2049 969 2116 aliud
985 2053 1033 2117 si·
1056 2075 1065 2088 .
1091 2128 1094 2133 ¹

58 2136 94 2200 hi
118 2137 318 2225 capiendum
337 2139 513 2206 consilium
530 2145 631 2223 atque
646 2144 743 2203 antea
761 2143 913 2203 senserat
930 2137 1033 2212 intel··
1072 2179 1077 2202 .

57 2223 193 2307 ligehat
219 2225 325 2312 neque
352 2225 419 2290 iam
448 2232 488 2290 ut
518 2223 648 2312 aliquid
673 2220 1029 2312 acquireretproelioss

58 2331 125 2398 que
146 2311 264 2376 hostes
281 2314 482 2392 lacesseret,
500 2309 561 2376 sed
580 2318 620 2377 ut
633 2311 829 2379 incolumem
846 2312 1028 2384 exercitum

57 2397 276 2483 Agendicum
303 2396 481 2466 reduceret
508 2397 688 2483 cogitabat.
738 2397 895 2486 Namque
920 2398 1029 2464 altere

56 2485 515 2642 uerter-tut:
531 2485 1027 2656 restiturum
1189 2571 1190 2576 ψ

19 2729 22 2741 ,
55 2597 348 2750 logenuspparato
377 2670 477 2750 atque
507 2622 672 2730 instruito
696 2661 844 2730 exercitu
871 2660 1026 2743 tenebat}

56 2753 133 2818 tum
151 2749 301 2834 legiones
321 2773 339 2817 a
358 2748 644 2838 praesidioatque
657 2749 905 2840 impedimentis
919 2749 1026 2815 inter·

57 2837 171 2902 clusas
190 2859 379 2933 maxumum
399 2839 521 2906 flumen
538 2836 731 2908 distinebat.
773 2835 896 2903 Tentis
911 2834 1024 2902 subito
1134 2900 1139 2906 .

56 3009 263 3026 ——u--u

90 3108 161 3232 Cap.
188 3107 286 3162 LVlll.
334 3128 367 3162 eo
380 3137 414 3154 -·
428 3108 579 3179 imposta]
603 3105 671 3160 tiber
689 3123 722 3160 eo
744 3124 766 3160 s.
784 3099 887 3187 Zumpt
916 3105 942 3168 5.
961 3101 1022 3160 49⁰.
1048 3065 1055 3084 ἱ

146 3175 225 3230 ehulz
240 3183 266 3243 §.
279 3179 324 3234 78.
342 3177 443 3237 Nn11,
456 3177 526 3238 M·
544 3205 578 3220 -
612 3181 844 3240 ee-pprterrrtrs
856 3176 1021 3240 oppidanis]

122 3264 188 3299 man
204 3246 327 3298 hemerle
344 3246 386 3300 die
399 3241 698 3316 verschiedenartigleit
712 3242 758 3294 der
767 3240 957 3295 eerbundenen
969 3242 1023 3298 Ab·

123 3313 198 3368 latici
209 3309 332 3367 absoluti.
349 3341 383 3354 --
415 3313 611 3378 ὸΜεΙοάαηυ]
630 3332 652 3366 s.
667 3313 768 3384 Zumpt
784 3315 808 3374 §·
824 3312 884 3366 398.
902 3312 982 3365 Anm.
994 3314 1025 3382 1.Ι
1099 3355 1104 3360 .

122 3382 223 3438 schulz
240 3387 266 3448 §‚
281 3381 325 3438 83.
340 3382 390 3434 Nr.
404 3384 421 3438 8
429 3419 437 3444 ,
451 3386 475 3437 1.
504 3382 581 3436 Eben
593 3381 707 3436 daselbst
719 3399 740 3433 s.
755 3379 821 3431 iiber
833 3379 864 3432 sd
878 3379 1020 3433 Lutetiam.

123 3481 159 3495 ..
182 3470 197 3505 e
214 3450 340 3518 regione]
359 3450 438 3572 verqql.
457 3449 644 3542 Cap-XXXV.
658 3453 773 3528 pasl„
788 3447 845 3504 hier
856 3449 919 3504 aber
933 3447 1021 3533 ‚chitr-
1054 3491 1056 3498 ,

123 3519 327 3587 serenissim,
344 3520 383 3572 als
414 3529 465 3572 ort.

89 3599 154 3677 Cap.
171 3605 241 3668 LIX.
276 3627 297 3659 a
317 3605 473 3676 Gergovia]
494 3623 516 3660 s.
530 3603 575 3658 das
591 3621 648 3663 ror.
662 3601 728 3676 Cap.
751 3633 786 3646 ·-
817 3603 917 3656 itinere
934 3607 961 3678 qt
975 3598 1019 3652 Li·

123 3677 236 3794 ttlj·
250 3673 685 3806 emarcescere
701 3669 1019 3802 eremesa

127 3809 195 3883 Cap·
208 3813 290 3868 XLV·
312 3834 342 3887 p.
357 3816 418 3876 268.
437 3823 509 3867 lanto
523 3811 622 3885 spatio,
641 3830 667 3862 u.
682 3810 731 3866 oie.
752 3840 785 3855 -
816 3813 1021 3878 paratoptque

80 3910 83 3919 ι
126 3880 412 3953 inseruuoeseretru]
429 3900 453 3940 r.
468 3885 570 3958 Zumpt
586 3879 686 3952 §.475
766 3883 770 3890 “
1005 3916 1009 3926 ,
