2410 4350
66 155 226 237 *en
288 136 294 147 ’
358 86 928 258 densescennerco
989 180 1001 201 x
1128 122 1131 127 ·

237 318 385 399 XXXI.
414 319 455 392 C.
467 317 597 391 Fabius
611 330 687 401 cem
703 318 836 407 reliquo
848 316 999 389 exercitu
1013 315 1048 385 in
1059 315 1154 389 Car·

162 420 263 481 nutes
274 419 478 498 ceterasque
496 407 724 498 proficiscitur
739 409 915 487 civitates,
937 427 1089 494 quarum
1104 429 1152 474 ee

164 502 308 593 proelio,
321 496 411 587 quod
429 496 691 583 cumDnmnaco
707 496 846 582 fecerat,
862 496 979 582 copias
993 517 1074 565 esse
1090 517 1153 561 ac-

81 627 108 657 c
166 574 257 657 eleas
273 588 419 672 sciebat:
441 608 507 652 non
527 585 615 649 enim
632 581 828 663 dubitabat,
849 584 931 671 quin
944 581 1074 655 recenti
1090 605 1154 647 ca-
1187 564 1189 691 l

165 678 319 745 lamitate
333 673 572 741 submissiores
585 682 702 737 essent
712 670 858 750 futurae,
876 668 955 738 dato
968 692 1050 738 nero
1065 692 1153 758 spa·
1188 696 1189 717 2

169 768 218 833 tic
248 787 286 830 ac
309 770 460 850 tempore
490 759 605 825 ecdem
631 759 783 825 instante
802 757 979 825 Dumnaco
1002 764 1152 847 possent

169 850 344 922 concitari.
390 846 467 934 Qua
490 847 526 912 in
547 866 586 913 re
606 865 734 913 summa
754 845 900 913 felicitas
917 846 1152 931 celeritasque

169 944 206 1011 in
220 933 421 1029 recipiendis
434 934 629 1003 civitatibus
644 932 785 1000 Fabium
800 934 1026 1021 consequitur.
1052 932 1152 1001 Nam

104 1025 124 1105 ᾗ
170 1024 436 1113 Carnutes‚.qui
457 1021 868 1112 seepevexatinnnquam
884 1024 977 1107 pacis
994 1022 1153 1087 fecerant

171 1117 392 1192 mentionem,
421 1111 510 1177 datis
530 1109 705 1177 obsidibus
726 1109 915 1189 veniuntin
930 1107 1153 1193 deditionem,

172 1215 369 1289 ceteraeque
390 1198 545 1264 civitates
566 1199 698 1286 positae
716 1198 753 1281 in
773 1196 903 1263 ultimis
918 1195 1051 1263 Galliae
1068 1197 1151 1271 fini·
1190 1236 1191 1315 p

171 1296 236 1360 bus
260 1289 395 1363 Oceano
415 1287 629 1365 coniunctae,
649 1306 736 1372 quae
750 1282 952 1350 Armoricae
973 1285 1152 1373 appellan-
1190 1318 1191 1349 r

171 1394 252 1461 tur,
270 1373 479 1458 auctoritate
501 1369 647 1441 adducta
667 1372 854 1442 Carnutum
876 1371 1019 1439 aduentu
1043 1371 1149 1438 Fabii
1190 1382 1191 1447 l

128 1504 131 1511 ·
171 1469 410 1555 legionumque
428 1464 594 1550 imperata
614 1461 687 1527 siue
704 1482 796 1527 mora
810 1460 951 1528 faciunt.
992 1459 1150 1526 Dumna-
1190 1470 1191 1537 ζ

140 1636 143 1645 Α
174 1579 237 1627 cus
260 1553 333 1621 suis
352 1549 476 1635 linibus
498 1548 660 1636 expulsus
683 1567 800 1615 errans
820 1549 1026 1634 latitansque
1048 1549 1150 1623 solus
1189 1542 1191 1621 J

174 1651 344 1713 extremas
357 1638 490 1706 Galliae
504 1639 660 1718 regiones
677 1642 793 1724 petere
808 1644 944 1703 coactus
958 1641 1023 1704 est.

261 1723 420 1798 XXXII.
462 1721 517 1791 At
538 1721 698 1812 Drappes
717 1744 849 1810 unaque
868 1722 1049 1813 Lucterius
1068 1742 1151 1788 eum

174 1817 326 1906 legiones
349 1811 592 1898 Caniniumque
616 1812 735 1878 adesse
763 1818 1001 1898 cognoscerent
1027 1830 1088 1875 nee
1109 1830 1150 1874 se

176 1908 251 1975 sine
272 1906 374 1968 ‘certa
397 1898 544 1987 pernicie
568 1908 791 1987 persequente
814 1896 963 1969 exercitu
986 1902 1150 1986 putarent

117 2000 119 2003 ’
176 1989 376 2065 Provinciae
385 1987 469 2067 fines
478 1986 606 2052 intrare
616 2008 717 2075 posse
727 2009 786 2054 nec
796 1987 862 2054 ianr
873 1987 1015 2053 liberam
1026 1994 1151 2070 ragan*-

177 2082 216 2149 di
240 2077 560 2162 latrociniorumque
581 2074 807 2143 faciendorum
830 2076 1025 2143 facultatem
1046 2072 1150 2139 habe·

177 2176 267 2249 rent,
288 2164 477 2235 consistunt
490 2164 525 2229 in
541 2162 632 2247 agris
648 2161 890 2235 Cadurcorum.
922 2162 977 2230 lbi
992 2160 1150 2231 curnilsu-

178 2258 308 2326 cterius
321 2252 409 2342 apud
420 2271 502 2318 suos
515 2250 605 2318 cives
617 2250 782 2338 quondam
796 2250 938 2337 integris
948 2251 1051 2316 rebus
1063 2250 1150 2314 mul·

179 2352 252 2413 tum
270 2341 438 2433 potuisset
460 2342 659 2426 semperque
677 2330 972 2409 auctor'novorum
993 2337 1151 2406 consilio-

135 2432 141 2445 *
164 2455 256 2512 ¹rurn
273 2450 426 2514 magnam
448 2426 538 2515 apud
561 2425 724 2494 barbaros
745 2428 979 2495 auctoritatem
1000 2425 1150 2513 liaberet,

171 2514 341 2609 oppidum
348 2513 615 2598 Uxellodunum
623 2513 714 2601 quod
727 2515 762 2581 in
775 2516 930 2582 clientela
942 2515 1055 2581 fuerat
1064 2513 1150 2598 eius,

149 2656 152 2663 .
181 2617 305 2674 natura
323 2601 392 2670 leci
411 2603 544 2687 egregie
561 2604 723 2671 munitum
744 2611 885 2690 occupat
904 2605 975 2670 suis
991 2600 1150 2690 ctDrap·

173 2688 660 2863 reapppppnqppgpp
671 2689 1079 2851 tttttttttttma
1094 2698 1149 2843 a.

183 2868 292 2937 nisset
308 2861 653 2951 animadverteretque
666 2880 781 2934 omnes
794 2866 910 2956 oppidi
922 2873 1040 2955 partes
1049 2882 1151 2951 =prae-

182 2953 394 3047 ruptissimis
408 2952 500 3018 saxis
514 2963 589 3018 esse
601 2954 834 3041 amitaeque
848 2952 1047 3020 defendente
1059 2952 1151 3021 nullo

182 3052 296 3111 temen
316 3040 455 3109 armatis
473 3038 653 3123 ascendere
669 3051 761 3109 esset
775 3042 931 3123 difficile,
952 3061 1071 3125 magna
1094 3048 1151 3105 au-

183 3141 253 3200 tem
266 3128 503 3220 impedimenta
515 3149 559 3217 cp
583 3128 912 3211 idanoramnideret,
945 3128 1151 3197 uaesielan·

184 3217 318 3284 destina
342 3216 422 3300 fuga
446 3149 642 3283 subtralere
665 3227 885 3298 conarentur,
915 3239 934 3284 e
962 3224 1064 3302 ogere
1087 3234 1152 3281 nou

174 3302 285 3391 modo
307 3305 512 3390 equitatum,
534 3304 595 3370 sed
615 3326 657 3371 ne
677 3306 828 3393 legiones
848 3303 982 3393 quidem
1004 3309 1153 3391 possent,

184 3391 360 3483 tripartito
383 3391 578 3474 cohortibus
595 3391 715 3481 divisis
733 3394 822 3461 trine
837 3393 1068 3473 excelsissimo
1079 3394 1152 3463 locs
1172 3474 1182 3479 -

184 3486 300 3553 caetra
311 3478 403 3565 lecit,
420 3500 438 3542 a
453 3478 575 3565 quibus
587 3480 776 3569 paullatim,
790 3489 954 3568 quantum
965 3480 1154 3569 copiaepa·

172 3566 988 3658 ,tiebentunvallunrinoppidicirouitumducere
997 3568 1156 3641 institerit.

242 3650 442 3757 4xxxnf.
472 3653 572 3739 Quod
587 3678 662 3723 eum
677 3657 822 3723 animum
835 3656 1051 3727 adverterent
1062 3655 1156 3762 oppi-

187 3737 267 3804 danr
288 3742 541 3826 miserrimaque
561 3742 703 3813 Alesiae
721 3742 881 3812 memoris
901 3743 1043 3811 solliciti
1063 3741 1156 3811 srmi-

188 3826 255 3921 lem
279 3847 393 3892 casum
416 3825 621 3896 obsessionis
642 3841 855 3916 vererentur,
880 3838 1100 3923 nimumeque
1119 3853 1156 3901 ex
