2404 4354
155 225 225 298 aas
306 166 921 324 ,uunmuoosnnrco
1002 205 1003 212 ‘

163 389 421 475 difficultatibus
434 383 576 486 obiectis
590 383 633 453 ab
647 383 750 483 animi
761 337 1143 486 virtuta'auxiltum'pe-

163 479 301 550 tc'ndum
315 476 464 549 videbat.

250 596 328 668 LX.
371 595 492 683 ltaque
514 591 579 662 suh
593 611 770 696 vesperum
794 590 937 659 concilio
957 599 1145 660 convocato

167 685 381 767 cohortatus,
409 692 449 749 ut
473 701 513 747 ea
542 702 628 769 quae
657 689 857 769 imperasset
879 679 1058 766 diligenter
1091 681 1146 745 in-

74 837 77 851 ,
122 827 124 830 -
168 773 366 862 dustrieque
381 768 673 845 administrarent,
695 789 807 850 nares,
827 790 909 854 quas
925 767 1144 835 ahieloduno

102 915 109 950 ,
148 861 371 948 deduxerat,
393 857 543 943 singulas
564 853 733 941 equitibus
749 847 1095 922 Romanis'uttribuit
1109 862 1145 920 et

168 949 278 1038 primu
306 945 456 1014 conlecta
481 941 595 1028 vigilia
620 949 765 1027 quatuor
787 943 879 1007 milia
902 963 1060 1030 passuum
1089 965 1145 1006 sc-

84 1108 89 1122 ,
171 1035 280 1102 cundo
299 1033 433 1102 flumine
444 1027 605 1119 progredi
624 1028 758 1094 silentio
774 1028 887 1117 ibique
901 1051 938 1099 se
951 1028 1146 1117 exspectari

168 1123 276 1202 iubet.
321 1121 477 1209 Quinque
498 1116 670 1196 cohortes,
693 1137 779 1204 quas
804 1117 936 1183 minime
958 1118 1073 1182 lirmas
1101 1115 1144 1182 ad

95 1231 97 1242 ¹
171 1207 394 1278 dimicandum
419 1225 494 1271 esse
511 1203 740 1284 existimabat,
760 1205 883 1271 castris
899 1204 1070 1292 praesidio
1091 1227 1145 1269 re·

171 1297 313 1383 linquit,
335 1295 480 1382 quinque
493 1287 643 1356 eiusdem
655 1290 796 1376 legionis
811 1291 960 1380 reliquas
975 1290 1016 1358 de
1031 1291 1145 1357 media

154 1392 268 1452 'nocte
289 1405 364 1450 oum
394 1378 557 1448 omnibus¹
572 1377 820 1482 impedimentis
842 1378 983 1445 aduerso
1005 1379 1145 1448 flumine

171 1479 293 1556 magno
307 1471 456 1539 tumultu
469 1465 636 1555 proticisci
649 1466 804 1553 imperat.
849 1463 1026 1554 Conquirit
1039 1467 1144 1534 etiam

174 1559 313 1642 lintres3
323 1559 392 1625 has
405 1575 523 1640 magno
537 1551 650 1620 sonitu
664 1573 829 1632 remoneo
844 1553 1002 1620 incitatas
1014 1554 1050 1620 in
1063 1575 1145 1619 ean-

174 1645 251 1714 dem
266 1653 397 1738 partem
411 1641 528 1710 mittit.
566 1636 646 1730 lpse
660 1648 738 1729 post
752 1641 867 1728 paullo
882 1641 1015 1708 silentio
1030 1663 1146 1728 egres·

174 1756 235 1802 sus
259 1757 334 1800 cum
359 1730 471 1800 tribus
498 1725 687 1810 legionibus
710 1749 786 1794 enm
807 1729 918 1809 locum
941 1728 1046 1819 petit,
1075 1751 1142 1818 quo

175 1837 277 1889 naves
293 1817 418 1909 appelli
430 1817 588 1912 iusserat.

153 1997 156 2005 .
262 1936 361 2010 LXI.
403 1934 453 2006 Eo
469 1955 544 2002 cum
561 1917 819 2014 asservatum,
842 1933 1145 2022 exploratorum-

175 2025 281 2096 stinm
301 2035 341 2094 ut
354 2027 444 2093 omni
458 2023 604 2090 fluminis
619 2028 715 2111 parte
729 2027 825 2088 erant
840 2019 1015 2112 dispositi,
1037 2023 1145 2112 inopi·
1181 2041 1182 2082 3

176 2124 317 2196 nantes,
337 2110 428 2202 quod
446 2133 565 2198 magna
586 2109 699 2180 subito
723 2117 797 2178 crat
818 2119 931 2178 coorta
950 2115 1145 2198 tempestas,

179 2201 222 2270 ab
255 2204 382 2269 nostris
416 2203 670 2289 opprimunturg·
711 2195 878 2264 exercitus
902 2197 1144 2285 'equitatusque

176 2290 349 2376 eqrritibus
364 2288 525 2356 Romanis
545 2282 877 2366 administrantibus,
897 2305 981 2372 quos
999 2285 1029 2350 ei
1047 2307 1145 2369 nego-

177 2379 228 2446 tio
255 2377 481 2467 praefecerat,
503 2373 660 2440 celeriter
680 2371 934 2442 transmittitur.
977 2369 1056 2438 Uno
1077 2375 1145 2438 tora

179 2473 331 2553 tempore
355 2461 419 2530 sub
438 2464 546 2527 lucem
574 2460 728 2527 hostibus
756 2459 934 2525 nunciatur
959 2457 997 2524 in
1023 2460 1143 2526 castris

176 2551 404 2618 Romanorum
430 2555 564 2635 praeter
589 2546 861 2613 consuetudinem
887 2547 1090 2613 tumultuari
1111 2555 1144 2612 et

179 2657 333 2720 magnum
351 2633 401 2700 ire
414 2655 531 2718 agmen
547 2630 689 2702 adverso
703 2633 848 2714 flumine,
868 2633 1082 2722 sonitumque
1095 2657 1144 2700 re·

178 2743 309 2792 morum
326 2721 361 2787 in
382 2719 496 2786 eadem
513 2727 611 2809 parte
626 2719 779 2786 exaudiri
800 2728 836 2786 et
851 2723 967 2810 paullo
981 2722 1071 2788 inira
1088 2722 1142 2788 mi-

179 2807 424 2880 litesnavibus
445 2808 684 2894 transportari.
731 2805 865 2892 Quibus
889 2807 991 2874 rebus
1012 2807 1142 2888 auditis,

179 2897 272 2988 quod
288 2895 524 2963 existimabant
546 2891 657 2958 tribus
672 2895 756 2958 locis
771 2893 916 2962 transire
934 2895 1083 2981 legiones
1100 2904 1144 2960 at-

182 3008 250 3074 que
266 3005 380 3052 omncs
395 2979 609 3072 perturbatos
620 2976 811 3056 ‚delectione
823 2979 1023 3050 Aeduorum
1038 2984 1144 3072 lugam

186 3095 328 3162 parare,
347 3093 429 3140 snas
451 3088 583 3158 quoque
607 3069 730 3160 copias·
744 3071 780 3136 in
800 3075 871 3140 tres
890 3073 1008 3161 ‘partes
1034 3071 1144 3142 distri·

183 3281 386 3308 m

157 3406 164 3419 .
217 3437 370 3510 cuplalli.
402 3391 676 3508 manontnomee]
692 3436 795 3510 Zumpt
813 3409 923 3504 §.ster

217 3525 285 3596 Cap.
300 3523 357 3577 LX.
392 3526 445 3578 rub
464 3523 624 3592 uesperum]
649 3523 719 3574 Zum
740 3532 751 3576 t
768 3526 794 3588 §.
807 3525 878 3583 319.
893 3522 974 3594 vergi.
993 3522 1045 3577 sub
1064 3521 1148 3576 lucem

251 3596 289 3660 i'm
313 3589 441 3646 nichelen
456 3589 570 3662 Capitei.
594 3619 631 3632 --
663 3610 683 3642 a
729 3595 861 3660 eloduno]
887 3611 908 3646 s.
926 3591 1149 3664 eap.1.v111.p.

254 3661 315 3717 277.
335 3687 369 3728 ·.'·
400 3660 542 3728 proficisci
553 3659 687 3727 imperat]
705 3678 728 3713 a.
742 3661 802 3714 Lib.
812 3661 843 3714 V.
861 3659 957 3733 Cap-l.
972 3661 1070 3730 puts.

189 3743 286 3863 *Capi
310 3743 380 3796 th.
430 3745 571 3796 exercitus
596 3747 803 3861 spectatusque]
842 3743 921 3813 vergi.
949 3743 1009 3797 Lib.
1031 3743 1054 3798 I.
1088 3743 1149 3812 Cap.

283 3809 380 3862 LVlll.
399 3827 424 3878 p.
441 3811 483 3862 51.
502 3828 545 3860 svo
564 3829 614 3874 auc
652 3814 779 3866 exercitus
799 3811 849 3866 deri
867 3811 969 3883 equites
986 3821 1050 3866 ento
1064 3820 1150 3882 genge-

189 3886 190 3894 ’
252 3877 413 3938 sctztwird,
438 3875 493 3929 und
507 3895 541 3928 nu
560 3876 620 3932 Lib.
634 3879 655 3934 l.
674 3879 741 3953 Cep.
756 3879 879 3936 XXXIX·
898 3882 982 3952 p·39.
1001 3881 1107 3936 miltes.
