2404 4354
342 133 573 272 crinon
617 153 739 232 vm.
768 155 793 173 ''
964 169 1057 244 30ss
1152 212 1158 228 i

38 308 247 425 principum
261 349 445 416 consensu,
472 323 604 402 eunome
623 332 736 423 plebis
758 331 963 441 cupiditate,
979 327 1044 426 si,

42 433 86 488 ut
101 421 302 501 dicebatur,
322 420 452 506 Caesar
469 443 544 488 com
560 421 671 492 tribus
684 421 875 508 legionibus
890 428 1032 512 veniret,

42 508 178 576 offerro
192 531 229 576 se
254 508 295 576 od
318 493 562 590 dimicandum,
582 529 626 575 ne
642 511 818 578 miseriore
834 533 874 579 ac
893 503 1029 586 dociam
1094 527 1099 530 ’

42 605 169 686 postea
191 594 381 665 conditiolre
397 619 471 664 com
488 603 561 662 toto
579 597 728 665 exercitu
743 597 918 668 decertare
932 625 1030 690 cogo-

40 693 187 764 centnr,
219 686 253 754 si
274 685 418 754 maiores
450 684 564 770 copias
594 681 798 766 adduceret,
828 687 864 754 in
887 692 1028 762 colono
1128 752 1132 769 ,

41 788 265 861 permanere,
293 794 393 860 quom
414 769 647 856 delegissent„
660 773 876 860 pabulatione
899 785 1043 861 autem,·‘

38 880 133 947 quae
155 867 296 950 propter
314 859 393 926 anni
412 866 546 948 tempus
568 881 644 926 cum
658 861 776 947 exigua
792 870 863 928 tum
880 861 1024 936 disiecta

38 954 156 1028 esset,
178 955 214 1013 et
233 946 494 1014 frumentatione
507 949 700 1040 ¹etpreliquo
715 956 904 1022 commeatu
918 975 959 1020 ex
972 954 1026 1024 in·
1073 955 1075 962 '

38 1035 147 1104 sidiis
185 1035 538 1106 robiboreliomanos.
631 1055 637 1062 ·
758 1070 761 1078 1
851 1067 857 1076 ·
1014 1087 1018 1098 ,

169 1120 237 1226 lll.
261 1121 360 1210 Quae
371 1120 500 1191 Caesar
511 1121 760 1298 conscipntibns
774 1123 931 1212 pluribus
946 1147 1023 1234 curn

38 1218 307 1386 ftttltt‘t
347 1219 892 1384 tntntlttn‘ttltttt
899 1235 1024 1370 tlt:

35 1407 158 1452 rorum
173 1393 300 1452 remoto
318 1382 593 1464 conciudiearet,
623 1386 779 1451 omnibus
796 1387 897 1454 nebus
908 1388 1022 1460 'insen-
1098 1421 1099 1436 ¹

9 1522 18 1536 ,
35 1471 199 1541 viendum
214 1472 348 1554 statuit,
365 1493 432 1560 quo
449 1471 593 1546 celerius
608 1471 719 1551 bostis
734 1481 926 1564 contempto
941 1499 1022 1544 suo-

35 1583 119 1628 rum
143 1561 314 1649 paucitate
334 1559 487 1649 prodiret
508 1559 543 1626 in
562 1559 687 1625 aciem:
720 1561 906 1648 singularis
930 1563 1018 1632 enim
1056 1605 1061 1612 -
1131 1609 1140 1626 .

35 1648 182 1716 virtutis
204 1647 402 1714 veterrimas
422 1645 573 1734 legiones
594 1668 673 1728 vn„
694 1665 770 1715 tun.
792 1655 830 1740 et
850 1671 898 1720 rx.
916 1651 1020 1719 babe-

35 1738 119 1816 bat,
140 1755 291 1822 sommae
307 1736 383 1825 spei
404 1734 622 1822 delectaeque
641 1735 825 1806 iuventutis
841 1760 909 1818 nn,
931 1762 1018 1827 quae
1124 1780 1127 1789 ·
1149 1791 1152 1796 ,

35 1832 161 1890 octavo
186 1825 251 1889 iam
276 1821 444 1912 stipendio
467 1823 582 1890 funeta
603 1829 715 1894 tamen
737 1825 915 1892 collatione
935 1827 1018 1894 reli·

34 1931 183 2002 quarum
203 1909 350 1977 nondum
371 1909 510 1983 eandem
529 1915 712 1982 vetustatis
735 1937 774 1982 ac
796 1915 934 1985 virtutis
962 1937 1017 1984 oe·
1046 1921 1050 1941 ¹
1096 1991 1099 1994 ,
1197 1917 1199 1926 ’

35 2001 141 2090 perat
166 1998 365 2087 opinionem.
417 1997 538 2088 ltaque
565 2003 711 2072 cornilio,
730 2001 890 2070 advocato
909 1994 1015 2090 'nebus
1127 2000 1131 2010 ’

34 2089 105 2167 iis,
134 2107 219 2173 quae
241 2083 284 2152 ad
307 2107 346 2152 se
366 2095 480 2154 essent
500 2087 651 2176 delatae,
673 2090 827 2156 omnibus
851 2113 889 2156 ex
917 2091 1015 2156 esitio

36 2170 429 2242 animos'multitudinis
461 2175 648 2246 confirmat
710 2173 749 2242 Si
779 2177 869 2244 forto
943 2185 1015 2244 stes
1100 2179 1108 2216 ³

34 2263 146 2330 trium
165 2261 334 2346 legionum
357 2282 496 2330 numero
519 2272 635 2350 posset
652 2261 774 2329 elicere
792 2263 836 2330 ad
853 2261 1015 2331 dimican·
1053 2309 1080 2323 1-

35 2352 142 2430 dum,
167 2347 309 2436 agminia
327 2348 478 2416 ordinem
498 2349 548 2416 ita
566 2350 760 2436 constituit,
777 2358 822 2417 ut
835 2353 924 2438 legio
941 2368 1026 2432 vnn,
1142 2380 1143 2390 ¹

2 2447 4 2463 '
35 2459 137 2517 urin,
165 2457 215 2504 rx.
244 2445 330 2518 ante,
349 2437 459 2504 omnia
487 2439 579 2504 irent
598 2438 854 2526 impedimenta,
892 2437 1014 2508 deinde
1126 2483 1129 2498 ·

32 2526 188 2596 omnium
196 2523 508 2612 impedimentorum
524 2547 642 2612 agmen
655 2561 699 2575 -—-
712 2526 803 2614 quod
816 2533 927 2594 tamen
938 2537 1014 2594 orat

33 2612 218 2698 mediocre,
233 2619 272 2679 ut
286 2612 321 2680 iu
333 2611 602 2703 expeditionibus
619 2635 695 2680 esse
711 2617 885 2682 consuevit
900 2650 943 2666 -
957 2639 1014 2682 oo·
1110 2651 1115 2659 ·

31 2707 135 2789 geret
163 2700 355 2768 undecimo:
390 2721 432 2768 ne
462 2700 600 2768 maioris
630 2701 856 2768 multitudinis
880 2703 1025 2794 species,

34 2785 194 2856 accidere
219 2785 374 2857 hostibus
400 2798 536 2878 posset,
569 2810 668 2876 qoam
698 2789 767 2878 ipsi
795 2788 1013 2878 depoposcis-

31 2885 126 2944 sent.
144 2945 146 2952 ,
167 2877 242 2946 Hac
265 2876 396 2956 ratione
415 2897 522 2966 paene
544 2875 709 2964 quadrato
732 2878 861 2962 agmine
882 2881 1012 2946 instm-
1034 2917 1038 2926 «

32 2974 94 3032 eto
115 2963 149 3029 in
170 2971 385 3054 conspectum
403 2963 553 3056 bostium
568 2965 710 3031 celerius
724 2965 881 3052 opinione
895 2984 1011 3052 aprum

31 3049 222 3120 exercitum
237 3051 385 3121 adducit.
937 3091 942 3098 -

124 3137 188 3206 lx.
220 3136 304 3206 com
321 3143 458 3228 repente
474 3132 659 3204 instructas
674 3137 768 3202 velut
783 3136 818 3204 in
833 3136 904 3204 acie
916 3146 1011 3205 certo

33 3220 146 3316 g'radu
176 3225 325 3314 legiones
353 3220 511 3292 accedere
541 3222 634 3290 Galli
661 3221 830 3309 viderent,
867 3223 1010 3314 quonum

33 3323 136 3382 erant
154 3312 195 3380 ad
213 3311 399 3385 Caesarem
420 3313 520 3401 plena
542 3311 684 3378 fiduciae
707 3307 848 3390 consilia
868 3317 1011 3402 perlata,

33 3405 109 3470 sive
124 3400 316 3472 certaminis
331 3399 482 3489 periculo
497 3398 569 3465 sive
585 3393 698 3494 subito
715 3399 861 3472 adventu
876 3424 937 3485 seu
953 3413 1009 3468 e'x'-

35 3489 255 3580 spectatione
269 3488 378 3554 nostri
398 3485 529 3552 consilii
551 3485 666 3570 copias
686 3487 861 3568 instruunt
878 3511 940 3577 pro
954 3507 1030 3553 ων

35 3577 121 3647 stris
141 3579 294 3645 nec‘loco
315 3574 492 3664 superiore
512 3571 689 3639 decedunt.
733 3574 860 3643 Caesar
876 3575 942 3640 etsi
959 3575 1010 3640 di-
1083 3659 1088 3666 1

34 3664 161 3734 micare
181 3672 373 3818 optaverat,
402 3659 1011 3730 tamentadminatus'tantom‘multi-
1045 3731 1054 3754 Ι

12 3745 186 3818 'tudinem'
232 3753 356 3825 ostium
376 3749 464 3818 valle
487 3747 681 3824 intermissa
705 3751 812 3836 magis
834 3750 868 3813 in
892 3751 1012 3815 altitu-

34 3839 146 3907 dinem
167 3833 336 3929 ‘d‘opresse
364 3853 466 3927 quam
493 3836 573 3928 late,
588 3842 726 3927 petente
751 3842 864 3903 cestra
885 3838 1011 3914 cestria

81 3959 113 4012 s.
125 3957 181 4013 Iul.
201 3951 318 4016 cunr.
768 3935 804 4005 U
850 3999 855 4006 .
1197 3918 1200 3973 ἶ
