2404 4354
323 125 578 276 *cinea
616 179 737 250 r111.
800 155 847 276 ᾗ
917 183 1080 256 ,ores
1190 187 1191 190 ‘

128 351 308 426 XXXIX.
335 352 389 424 Ibi
404 355 533 426 crebris
549 355 676 426 litteris
690 353 825 440 Caninii
835 353 876 425 iit
887 351 1025 436 certior,
1153 353 1154 358 ’

40 448 128 532 quae
149 443 194 510 de
207 444 384 536 Drappete
405 455 441 511 et
455 444 617 514 Lucterio
639 451 736 530 geste
759 451 874 510 essent
891 457 1028 532 quoque

40 533 78 599 in
91 534 236 602 consilio
251 541 485 621 permanerent
499 533 671 622 oppidani.
695 531 848 620 Quorum
862 531 931 600 etei
942 552 1026 622 pau-

42 620 187 686 citatem
201 620 444 702 contemnebat,
454 628 568 689 tamen
581 622 800 712 pertinaciam
815 639 933 706 magna
945 640 1026 711 poe-

42 727 86 773 ue
109 729 188 774 esse
209 707 418 776 alliciendam
440 709 575 776 iudiesb
619 757 632 792 ‚
661 709 887 784 ne.‚uni,verse
910 707 1026 773 Gellia
1057 741 1073 768 a

3 803 4 806 ’
42 816 111 862 uon
127 797 219 862 vires
235 795 302 862 eibi
317 794 466 864 defuisse
481 797 574 864 edre
626 795 763 867 tendum
776 796 950 876 Romanis,
964 791 1026 860 sed

42 885 271 961 constantiam
285 890 439 971 putaret,
462 907 543 952 neve
556 887 618 951 boc
634 887 786 974 exemplo
801 880 932 972 cemrpe
945 883 1027 949 civi-

43 977 136 1036 tates
153 972 305 1050 locorum
319 975 572 1062 opportunitate
584 973 693 1052 fretae
712 995 750 1040 se
767 971 976 1062 vindicarent
990 971 1046 1036 in.

44 1055 262 1142 libertatem,
284 1080 359 1124 cum
382 1061 536 1128 omnibus
554 1060 664 1136 Gallis
684 1069 799 1130 nutum
821 1060 926 1128 sciret
945 1057 1028 1124 reli-

44 1167 149 1230 quam
165 1169 243 1213 esse
262 1168 361 1212 unam
377 1157 539 1217 aestatem
553 1171 636 1216 suec
648 1149 856 1236 provinciae,
878 1168 978 1235 quam
995 1144 1027 1223 si
1070 1221 1078 1238 .

46 1234 222 1318 sustinere
265 1235 452 1316 otuissent,
474 1237 603 1304 nullum
619 1238 711 1304 ultro
726 1236 913 1324 periculum
932 1255 1028 1300 verc-

45 1327 181 1390 rentur.
248 1331 349 1408 thue
372 1321 417 1409 Q.
438 1321 597 1392 Calenum
621 1325 769 1408 legatum
790 1313 1029 1406 eum'legioni-
1094 1369 1097 1378 .
1160 1357 1164 1380 ι

45 1405 112 1484 bus
132 1406 266 1476 duabus
285 1410 444 1497 reliquit,
465 1413 523 1498 qui
542 1411 644 1478 iustis
658 1411 838 1478 itineribus
850 1432 888 1479 se
904 1407 1029 1508 subsp-

45 1506 236 1580 queretur,
258 1497 271 1562 i
296 1517 334 1562 se
355 1520 429 1563 cum
446 1500 536 1565 omni
549 1500 703 1585 equitatu
724 1521 825 1590 quem
845 1503 961 1586 potest
973 1518 1029 1566 cc-

46 1583 189 1650 lerrime
207 1582 252 1666 ad
267 1519 443 1654 denirium
459 1585 643 1656 contendit.
730 1574 732 1590 '
792 1629 801 1664 s
912 1593 915 1608 '

34 1721 36 1728 ,
136 1671 218 1739 XL.
251 1669 337 1761 Cum
354 1683 471 1740 contra
484 1674 767 1762 exspectationem
781 1669 927 1744 omnium
943 1667 1029 1751 Gae-
1069 1679 1071 1687 '

34 1773 107 1822 *scr
138 1757 392 1828 Uxellodunum
426 1764 577 1829 arcuisset
607 1760 836 1850 oppidumque
870 1757 1029 1846 operibus
1087 1801 1092 1812 «

47 1843 205 1928 clausum
223 1848 372 1931 animum
386 1847 588 1932 adverteret,
600 1871 706 1937 neque
721 1847 763 1914 ab
780 1847 1030 1935 oppugnatione

47 1933 164 2000 recedi
188 1934 318 2002 videret
337 1937 408 2002 ulle
428 1938 618 2007 conditione
662 1959 756 2016 osse,
777 1955 896 2018 magna
915 1941 1029 2002 autem

48 2020 150 2107 copia
171 2023 330 2100 frumenti
353 2025 525 2092 abundare
545 2026 625 2114 cppi
650 2047 732 2090 anos
746 2044 787 2088 ex
803 2019 954 2110 perfugis
974 2033 1032 2088 co‘-

48 2116 204 2191 gnosset,
220 2132 308 2197 equa
320 2111 499 2198 probibere
513 2113 643 2178 hostem
655 2118 788 2180 tentare
803 2110 926 2197 coepit.
946 2109 1031 2178 Flu-

51 2213 133 2262 men
153 2195 303 2264 infimam
324 2199 445 2264 vallem
468 2199 658 2280 dividebat,
683 2197 776 2286 quod
795 2204 904 2264 totum
924 2220 1031 2286 paene
1063 2239 1068 2248 -

45 2289 203 2359 ,montem
221 2281 395 2370 cingebat,
422 2287 456 2352 iu
472 2309 539 2376 quc
555 2289 702 2378 positum
719 2293 1030 2374 cretprceruptum

50 2367 204 2458 undiquc
218 2371 376 2462 oppidum
391 2371 654 2460 Uxellodunum.
696 2373 771 2443 Hoc
784 2375 905 2452 flumen
921 2374 1049 2443 averti.

5 2523 6 2528 ,
50 2455 267 2526 loci'natura
288 2461 507 2550 prohibebat:
531 2465 581 2529 sic
599 2465 687 2530 enim
707 2461 835 2538 inimic
857 2461 1041 2530 radicibus
1154 2499 1155 2504 κ

51 2547 180 2613 montis
194 2546 377 2630 ferebatur,
392 2558 432 2617 ut
444 2551 570 2618 nullam
583 2551 619 2618 in
631 2557 760 2642 partem
776 2537 948 2638 depressis
961 2549 1032 2615 ios-

10 2671 17 2676 -
52 2632 103 2700 sis
118 2632 267 2702 derivari
283 2646 411 2725 posset.
443 2637 540 2706 xErat
557 2648 667 2706 eutem
683 2637 862 2728 oppidanis
881 2637 1031 2704 difficilis

24 2729 26 2736 ’
55 2725 91 2785 et
104 2725 311 2813 praeruptus
323 2746 363 2791 eo
378 2725 570 2809 descensus,
581 2734 622 2794 ut
634 2727 889 2818 prohibentibus
903 2725 1031 2797 nestris
1076 2806 1078 2815 y

54 2807 129 2874 sine
144 2813 392 2879 volucribusne
408 2817 663 2920 periculositas
678 2837 785 2902 neque
800 2814 895 2880 adire
909 2815 1032 2916 flumen

53 2899 832 3078 tibitibilittt⁰0ttt¹¹tttttlb
851 2897 1033 3062 illiti:

53 3066 188 3158 busque
204 3070 397 3162 dispesitis,
421 3071 598 3144 tormonti's
613 3078 714 3144 etiam
729 3073 1031 3164 quibusdam'lneis

19 3178 26 3192 ·
54 3160 175 3226 c'cutra
195 3161 376 3232 facillimos
398 3163 581 3232 descensus
605 3167 750 3244 collatis,
774 3184 858 3252 equa
882 3163 1030 3247 fluminis

53 3247 260 3330 probibebet
277 3249 482 3341 oppidanos,
503 3276 645 3341 quorum
663 3256 770 3318 omnis
786 3259 904 3340 postea
918 3251 1034 3342 multi·

7 3351 8 3356 ¹
53 3331 139 3400 tudo
156 3323 315 3422 adustum
333 3341 484 3407 uuumin
500 3343 610 3409 locum
628 3341 856 3408 conveniebat.
912 3339 915 3350 '

142 3423 240 3493 XLl.
276 3424 349 3493 Sub
370 3427 480 3516 ipsum
504 3431 592 3497 enim
608 3429 724 3519 oppidi
743 3449 873 3495 murum
892 3444 1033 3507 magnus

54 3503 130 3577 fons
144 3535 252 3601 aquae
262 3517 504 3668 prorumpebat
516 3518 558 3584 ab
569 3541 607 3589 ea
619 3515 900 3607 perte,quaefere
912 3510 1033 3600 pedum
1106 3574 1108 3582 ,

58 3615 116 3662 ccc
132 3602 261 3688 intepva
277 3604 310 3670 lc
328 3603 474 3671 fluminis
491 3608 636 3674 circuitu
652 3607 803 3674 vacabat.
847 3604 921 3670 Hoc
938 3600 1031 3664 iente

55 3687 229 3835 prohiberi
258 3699 360 3781 posse
389 3694 576 3782 oppidanos
604 3715 679 3760 cum
710 3697 866 3783 optarent
894 3685 1078 3771 reliqui„

87 3792 285 3858 aeseruous
296 3779 443 3864 videret3
459 3785 628 3870 cregione
644 3783 718 3848 eius
734 3783 851 3860 vinces
862 3795 961 3860 cgere
973 3769 1033 3836 'ud-
1085 3859 1091 3868 ι

55 3873 175 3932 versus
196 3873 341 3938 montem
367 3876 405 3938 et
424 3891 563 3962 eggepee
587 3874 765 3940 instruere·
778 3864 891 3952 coepit
914 3881 1032 3946 magne

430 4087 432 4094 '
456 4078 472 4124 l*
