2404 4354
132 86 209 214 soi
254 104 256 108 ’
299 65 303 74 “
344 55 624 229 υιίιιιιο
649 91 913 236 ιιιιιιιοοζ

131 289 327 396 legionibus
348 297 385 366 in
404 317 479 364 enm
500 301 632 388 partem
654 302 710 362 est
724 295 916 383 proiectus,
938 303 979 362 nt
991 294 1040 364 ibi
1058 318 1125 363 cx-

137 396 282 468 tremum
295 397 431 475 tempus
447 389 658 474 consumeret
674 385 890 455 aestivorum.
914 383 1023 472 Quam
1040 407 1126 452 rem
1194 444 1195 448 ,

130 481 230 558 ¹sicut
249 483 362 546 cetera
382 473 539 542 celeriter
553 471 766 558 feliciterque
787 471 947 540 coniecit:
969 495 1126 560 namque
1194 491 1195 520 ³

76 562 84 596 ³
139 590 254 644 ornnes
267 553 472 656 Aquitaniae
487 559 641 626 civitates
652 561 783 643 legatos
798 559 841 624 ad
856 551 932 677 euqr
947 563 1124 644 miserunt

141 658 342 742 obsidesque
364 652 396 716 ei
414 645 592 720 dederunt.
636 646 768 732 Quibus
790 647 892 713 rebus
914 650 1020 734 gestis
1040 649 1126 737 ipse

142 771 218 820 cum
233 734 562 832 equitumpraesidio
570 730 765 800 Narbonem
779 735 951 887 qrolectus
965 744 1036 817 est3
1061 759 1127 801 ex·
1195 739 1196 814 ξ

134 837 287 906 *ercitum
301 827 504 918 perlegales
519 825 552 889 in
563 822 703 888 hiberna
716 821 779 886 ded
804 824 870 904 xit3
892 832 1055 911 quattuor
1069 827 1127 890 le-

83 953 85 960 ·
146 915 433 1014 gionesinssclgio
448 909 624 978 collocavit
637 909 927 977 cumM.Aritonio
939 908 1127 979 etC.Tre-
1196 934 1197 958 ι

145 1011 246 1082 honio
268 1018 303 1072 et
326 1001 368 1070 P.
381 999 522 1068 Vatinio
545 1007 579 1064 et
596 996 644 1084 Q.
664 995 783 1063 'lnlno
802 999 943 1082 legatis,
976 997 1063 1065 duas
1086 1001 1127 1064 in
1196 1011 1197 1042 ³

148 1097 291 1172 Aeduos
307 1087 412 1169 misit,
433 1109 573 1174 qnorum
588 1085 622 1149 in
637 1087 725 1149 omni
738 1084 851 1151 Gallia
866 1107 1027 1152 summam
1043 1109 1126 1165 esse

150 1187 383 1260 auctoritatem
398 1175 546 1254 sciebat,
565 1171 650 1238 duas
666 1173 700 1238 in
711 1171 868 1239 Turones
883 1172 925 1238 ad
941 1173 1127 1241 finesCar-
1197 1178 1198 1236 l

67 1311 74 1322 ,
149 1282 269 1347 nutum
292 1263 427 1358 posuit,
460 1283 546 1350 quae
569 1281 697 1325 omnem
721 1261 889 1346 regionem
911 1261 1124 1329 coniunctam
1197 1265 1198 1276 ¹

152 1365 289 1432 Oceano
314 1350 542 1430 continerent,
573 1346 658 1418 duas
677 1347 827 1436 reliquas
849 1348 884 1413 in
905 1345 1127 1416 Lemovicum

150 1453 235 1520 lines
249 1465 315 1511 non
328 1443 428 1523 longe
444 1437 485 1502 ab
500 1434 681 1524 Arvernis,
694 1457 736 1504 ne
750 1457 816 1522 qua
828 1457 908 1525 pars
919 1435 1052 1507 Galliae
1066 1459 1129 1504 va-
1198 1491 1199 1514 ,

52 1527 58 1536 ’
94 1522 100 1535 “
152 1559 216 1611 ona
231 1532 273 1600 ab
287 1528 434 1598 exercitu
447 1531 549 1592 esset.
577 1521 709 1591 Paucos
724 1521 797 1590 dies
808 1523 884 1612 ipse
895 1523 931 1590 in
944 1523 1129 1592 Provincia
1197 1517 1199 1600 J

143 1628 307 1696 'moratus
330 1637 405 1684 cum
426 1613 583 1686 celeriter
604 1632 719 1688 omnes
738 1617 920 1680 conventus
943 1606 1131 1702 percucur'·

153 1715 271 1791 risset,
291 1703 446 1797 publicas
459 1699 704 1767 controversias
718 1699 940 1786 cognovisset,
958 1701 1040 1768 bene
1056 1723 1131 1766 me-
1199 1777 1200 1782 ἵ

153 1800 234 1872 ritis
246 1792 395 1888 praemia
414 1787 655 1856 tribuisset-
674 1786 897 1872 cognoscendi
909 1789 996 1855 enim
1012 1810 1133 1854 maxu-
1199 1841 1200 1844 ,

25 1941 29 1960 .
155 1908 244 1964 mam
264 1880 461 1950 facultatem
482 1873 645 1955 babebat,
673 1873 768 1960 quali
790 1875 936 1966 quisque
956 1877 1068 1945 animo
1091 1878 1132 1942 in
1199 1877 1200 1880 ’

155 1996 227 2046 rem
252 1968 398 2039 ublicam
413 1963 536 2030 luisset
549 1959 797 2029 totiuslialliae
813 1961 1010 2046 deiectione,
1026 1985 1131 2052 quam

157 2060 371 2134 sustrnuerat
389 2051 556 2140 fidelitate
582 2055 684 2138 atque
704 2048 843 2116 auxiliis
864 2048 1063 2126 Provinciae
1086 2051 1133 2118 il·
1200 2063 1201 2080 ³

157 2153 228 2222 lius
239 2139 302 2228 -3'
319 2143 377 2210 bis
397 2140 500 2208 rebus
521 2137 682 2204 confectis
701 2135 744 2204 ad
757 2139 909 2225 legiones
921 2140 957 2208 in
972 2138 1134 2228 Belgium

159 2261 199 2309 sc
213 2234 283 2304 reci
308 2232 337 2298 it
349 2229 570 2314 hibernatque
584 2222 867 2298 Nemetocennae.
1055 2239 1059 2249 ’

166 2359 169 2362 -
246 2255 403 2394 xlvii,
441 2313 496 2382 lbi
525 2311 698 2400 cognoscit
718 2311 905 2382 Commium
927 2312 1135 2384 Atrebatem

161 2409 387 2504 proeliorum
410 2403 563 2491 equitatu
589 2422 652 2466 suo
673 2400 901 2470 contendisse,
940 2399 1031 2470 Nam
1054 2425 1134 2468 cum

162 2496 337 2567 Antonius
357 2494 393 2558 in
414 2491 553 2556 hiberna
572 2488 739 2571 venisset,
760 2488 946 2578 civitasque
960 2490 1135 2558 Attreba-

148 2594 237 2653 'tum
257 2586 292 2650 in
314 2579 427 2648 officio
449 2584 615 2657 maneret;
644 2573 832 2660 Commius,
853 2579 919 2665 qui
938 2580 1133 2666 post-'illam

110 2677 114 2687 “
160 2670 443 2748 vulnerationem,
464 2687 563 2754 quam
584 2685 688 2751 supra
706 2666 978 2758 commemoravi,
999 2686 1136 2755 semper

163 2759 208 2828 ad
221 2778 336 2828 omnes
355 2766 465 2820 motus
489 2757 629 2841 paratus
642 2751 720 2834 suis
741 2754 872 2821 civibus
887 2775 963 2820 esse
975 2776 1137 2827 consues-

165 2855 238 2926 set,
259 2868 301 2913 ne
315 2841 456 2910 consilia
476 2841 558 2906 belli
571 2839 812 2925 quaerentibus
828 2849 945 2922 auctor
962 2863 1135 2908 armorum

76 2939 77 2942 ’
163 2937 298 3023 duxque
313 2931 457 3013 deesset,
478 2935 618 3015 parente
631 2926 792 2996 Romanis
809 2931 957 3010 civitate,
971 2951 1046 3009 cum
1062 2931 1138 2997 suis

165 3023 338 3111 equitibus
364 3041 401 3084 sc
422 3037 568 3104 suosque
587 3015 776 3084 latrociniis
800 3017 913 3083 alebat
933 3015 1139 3105 infestisque

127 3173 130 3177 Α
164 3110 343 3178 itineribus
357 3113 561 3172 commeatus
579 3103 786 3191 complures,
808 3107 867 3193 qui
880 3106 1141 3194 comportaban-

70 3269 88 3278 ,,
165 3197 270 3266 turin
284 3197 422 3261 hiberna
437 3193 683 3272 Romanorum,
704 3193 954 3281 intercipiebat.
1088 3225 1093 3232 ·

251 3280 420 3350 XLVIII.
459 3280 545 3346 Erat
563 3279 749 3346 attributus
770 3279 923 3348 Antonio
945 3279 1141 3370 praelectus

30 3359 32 3368 ’
165 3370 316 3459 equitum
338 3369 377 3438 G.
392 3366 586 3434 Volusenus
604 3365 821 3453 Quadratus,
839 3370 897 3456 qui
916 3388 992 3434 cum
1013 3389 1054 3433 ec
1068 3368 1141 3432 bie-

166 3465 286 3526 maret.
326 3455 426 3522 Hunc
442 3454 616 3522 Antonius
637 3451 681 3518 ad
702 3457 968 3543 persequendum
990 3456 1141 3522 bostium

166 3548 356 3634 equitatum
376 3544 495 3612 mittit.
536 3541 732 3609 Volusenus
752 3555 863 3610 autem
884 3544 927 3623 ad
942 3565 1016 3610 eam
1031 3545 1141 3611 virtu-

166 3627 264 3715 tem,
284 3641 370 3720 qua'e
391 3630 573 3714 singularis
595 3629 631 3695 in
652 3651 692 3695 eo
716 3624 995 3718 erats‘mag'num
1024 3629 1141 3698 odium

100 3788 103 3796 ,
168 3717 312 3788 Commii
326 3717 548 3804 adiungebat,
567 3739 635 3804 quo
653 3719 815 3786 libentius
832 3720 869 3785 id
880 3722 1027 3800 faceret,
1051 3714 1143 3806 quod

167 3805 411 3896 imperabatur.
438 3804 559 3892 ltaque
574 3805 753 3896 dispositis
765 3807 900 3876 insidiis
914 3807 1054 3898 saepius
1068 3807 1144 3874 eius
