2404 4354
134 189 234 269 ,sos
371 171 649 252 uueuuuo
680 126 975 253 onumco?
1024 155 1031 170 “

85 365 92 388 *
169 379 234 430 uus
260 349 544 443 vulnerabantur,
567 345 641 427 'sed‘
661 345 764 416 etiam
791 345 1013 436 qui'lengius
1030 351 1149 418 subsi-

117 461 122 509 ἰ
170 446 259 516 disri
272 443 533 518 consueverant,
549 434 894 532 turpiterlugerunt,
915 458 976 503 uec
991 439 1091 526 prins
1107 441 1151 506 fi-

59 598 62 606 ,
168 557 244 604 uem
270 533 369 616 logne
388 527 542 593 lecerunt
561 541 664 612 saepe
686 522 819 592 emissis
839 524 1073 612 superioribus
1093 517 1150 595 lo·
1193 593 1194 612 χ

102 643 104 648 ·
170 620 241 702 cis,
261 640 363 708 quom
383 637 420 681 se
443 621 502 679 aut
524 612 561 676 in
580 623 851 682 castra-suorum
874 612 1065 701 reciperent
1087 625 1152 681 aut
1193 635 1194 646 ¹

155 705 325 782 'nonnulli
340 701 470 794 pudore
490 700 600 766 coacti
617 699 753 784 lougius
779 699 1008 786 profugerent.
1049 700 1152 788 Quo-

111 825 114 830 ·
147 854 152 864 ,
174 819 248 867 rum
262 791 412 884 periculo
430 790 479 857 sie
495 807 610 854 omnes
624 788 745 872 copiae
755 794 834 852 sunt
846 788 1084 873 perturbatae,
1107 797 1151 856 ut

173 887 230 956 vix
258 879 405 950 iudicari
432 882 569 966 posset,
593 880 708 940 utrum
728 872 886 940 secundis
937 877 1064 943 arculis
1093 900 1151 943 re-

173 974 240 1040 bus
259 965 496 1036 insolentiores
520 985 562 1030 au
584 961 735 1029 adversis
757 959 915 1030 mediocr‘
965 963 1152 1034 stimidio-

175 1080 232 1130 res
253 1060 380 1126 esseut.

262 1169 365 1242 xlv.
412 1163 651 1256 Compluribus
675 1155 796 1232 diebus
821 1163 940 1234 iisdem
966 1167 1151 1237 incastris
1191 1193 1194 1228 ι

179 1283 318 1334 consum
344 1259 391 1325 tis
414 1277 492 1324 cum
511 1253 653 1344 propius
675 1253 859 1322 accessisse
879 1256 1029 1340 legiones
1042 1266 1086 1324 'et
1107 1258 1150 1329 G.

177 1345 387 1423 Trebonium
408 1345 558 1429 legatum
583 1341 838 1428 cognovissent,
866 1341 968 1410 duces
991 1343 1151 1412 Bellove-

177 1461 293 1509 corum
304 1431 407 1505 veriti
423 1429 567 1498 similem
582 1429 808 1496 obsessionem
823 1428 964 1498 Alesiae
983 1437 1084 1498 noctu
1097 1432 1152 1500 di·
1193 1449 1194 1476 ²

179 1529 322 1596 mittunt
339 1543 416 1601 eos,
439 1541 524 1607 quos
544 1525 604 1584 aut
624 1523 734 1583 aetate
754 1523 814 1584 aut
830 1517 959 1585 viribus
972 1517 1151 1588 interiores
1193 1551 1194 1596 ;

76 1651 79 1671 ·
179 1605 591 1696 eutincrmesbebebput,
610 1625 743 1691 unaque
755 1605 887 1692 reliqua
900 1605 1152 1695 impedimenta.

181 1703 337 1792 Quorum
363 1693 599 1790 perturbatum
624 1697 660 1756 et
685 1693 859 1758 confusum
880 1691 959 1760 dum
982 1696 1151 1782 explicant

27 1855 29 1863 Α
115 1865 118 1868 ,
182 1810 302 1876 agmen
317 1821 360 1836 -·
373 1805 493 1870 magna
506 1782 592 1846 euim
602 1777 784 1846 multitudo
799 1801 971 1851 carrorum
980 1784 1082 1860 etiam
1095 1805 1152 1849 ex-

180 1876 315 1970 peditos
330 1870 428 1958 sequi
441 1869 559 1938 Gallos
575 1865 748 1934 consuevit
758 1879 814 1948 -·,
834 1870 990 1958 oppressi
1004 1872 1083 1938 luce
1096 1892 1152 1938 co-

165 2031 168 2039 ,
206 1964 258 2032 ias
273 1965 478 2030 armatorum
493 1977 556 2046 pro
569 1955 641 2020 suis
655 1955 830 2032 instruunt
842 1958 984 2040 castris,
1001 1959 1152 2049 ueprius

216 2049 328 2120 omani
339 2044 498 2138 persequi
511 2065 548 2110 se
560 2042 758 2131 inciperent,
774 2065 874 2131 quam
888 2047 1022 2132 lougius
1035 2068 1153 2132 agmen

183 2135 657 2230 impedimentorumsuorum
678 2133 912 2220 processisset.
955 2133 1008 2202 At
1025 2131 1154 2205 Caesar

66 2256 71 2263 ·
183 2248 294 2316 neque
312 2223 511 2292 resistentes
527 2216 770 2311 aggrediendps
784 2241 891 2310 neque
907 2218 1063 2290 cedentes
1078 2229 1154 2290 tan·

183 2323 222 2384 tc
244 2313 343 2382 collis
363 2331 503 2378 ascensu
522 2306 845 2380 lacessendos'2iudie
892 2315 945 2390 at,
967 2331 1153 2400 nequeuou

184 2424 294 2491 usque
312 2422 353 2468 eo
373 2399 523 2486 legiones
545 2393 786 2477 admovendas,
808 2405 848 2464 ut
885 2397 1035 2465 iscedere
1053 2421 1093 2467 ex
1112 2419 1152 2463 eo

184 2492 263 2560 loco
283 2488 357 2556 siue
395 2485 521 2552 ericulo
535 2483 673 2550 barbari
688 2483 853 2551 militibus
868 2485 1072 2553 instantibus
1087 2507 1153 2552 nen

184 2581 338 2669 possent.
370 2508 436 2641 lltu
449 2591 530 2656 ‘cum
552 2569 677 2660 palude
695 2572 739 2638 im
766 2570 856 2641 edita
872 2595 890 2639 a
905 2569 1029 2640 castris
1041 2579 1154 2641 cestre

120 2720 123 2744 ,
186 2662 438 2741 dividerentur,
464 2661 549 2747 quae
570 2669 730 2742 trauseuu
757 2661 765 2677 '
792 2659 975 2728 difficultas
1001 2662 1154 2730 eelerita-

119 2745 129 2827 ’,
184 2758 255 2820 tem
284 2746 483 2836 insequendi
499 2743 649 2812 tardare
675 2754 812 2836 posset,
845 2757 945 2837 atque
968 2747 1006 2816 id
1028 2750 1152 2836 iugum,

154 2907 155 2912 ,
185 2837 277 2927 quod
296 2844 391 2906 trans
412 2833 569 2924 paludem
590 2856 695 2924 paene
718 2835 929 2908 ad'bostium
950 2844 1064 2904 castra
1079 2859 1153 2927 per-

186 2929 331 3008 tineret,
358 2921 518 2990 mediocri
538 2923 625 2988 valle
646 2925 809 2997 ascastris
829 2946 942 2991 eorum
958 2925 1153 2993 intercisum

188 3015 334 3085 animum
357 3011 580 3092 adverteret,
610 3010 744 3076 ontibus
766 3005 889 3103 palude
911 2999 1082 3081 eon'strata
1106 3015 1155 3079 le-

114 3111 120 3118 '
187 3102 303 3188 giones
332 3098 524 3166 transducit
552 3030 775 3196 celeriterque
801 3101 836 3168 in
862 3122 1024 3168 summam
1047 3101 1155 3189 pleni-

149 3227 153 3243 ·
186 3190 268 3255 tiem
290 3189 362 3274 iugi
382 3187 661 3276 pervenit,quae
678 3186 797 3272 declivi
813 3187 952 3274 fastigio
968 3187 1101 3260 duobus
1116 3187 1155 3256 ab
1191 3201 1192 3260 l

185 3275 353 3342 lateribus
374 3273 598 3340 muniebatur.
643 3271 698 3338 lbi
717 3274 904 3359 legionibus
918 3277 1098 3345 instructis
1115 3275 1157 3342 ad
1191 3283 1192 3346 l

186 3364 343 3430 ultimum
363 3363 491 3448 ,iugum
523 3360 674 3447 pervenit
707 3363 878 3450 aciemque
906 3365 1053 3454 eo,loco
1080 3386 1157 3432 con·
1191 3371 1192 3412 ἐ

187 3450 321 3554 stituit,
349 3439 438 3516 rende
463 3454 632 3514 tormento
657 3446 761 3516 missa
782 3454 851 3536 tela
871 3451 907 3518 iu
927 3453 1077 3522 bostium
1101 3473 1158 3520 cu·
1191 3499 1192 3508 η

113 3617 117 3626 ‚
185 3559 267 3606 neos
289 3536 407 3605 coniiei
427 3541 579 3625 possent.
701 3605 708 3611 ,

172 3665 174 3668 ’
273 3653 356 3738 XV.
400 3652 546 3720 Barbari
560 3653 678 3720 confisi
691 3623 756 3723 loci
769 3664 888 3724 natura
906 3634 980 3726 cum
997 3657 1157 3728 dimicare

179 3761 255 3806 ¹uon
278 3749 490 3820 recusarent,
512 3741 543 3806 si
560 3739 655 3808 forte
665 3741 808 3812 Romani
831 3747 945 3814 subire
961 3750 1082 3816 collem
1104 3769 1158 3813 co·

87 3848 89 3854 ’
187 3817 366 3912 narentur,
387 3827 630 3917 paullatimquc
643 3831 973 3922 copiasdistributas
987 3833 1159 3906 dimittere
