2404 4354
150 175 233 250 aas
368 119 977 276 assumo-ennacos
1072 211 1075 220 ,
1193 271 1200 352 4

164 355 277 432 totas,
298 346 384 414 nulli
401 353 494 438 spem
509 357 569 417 aut
582 369 738 417 caussam
754 349 835 416 dare
853 373 1043 423 armorum:
1068 359 1157 426 nibil

168 441 259 510 euim
279 440 389 504 minus
402 439 539 506 volebat
553 459 652 526 mam
674 439 739 504 sub
760 439 902 504 decessu
924 449 1157 522 saonecessi-

167 537 278 596 tatem
300 523 366 590 sibi
387 524 534 611 aliquam
556 526 684 615 imponi
705 527 786 590 belli
805 528 961 612 gerendi,
991 555 1051 613 nc,
1076 559 1156 600 cum

173 613 358 685 exercitum
380 612 587 681 deducturus
608 619 717 694 essct,
747 613 872 678 bellum
890 617 1028 702 aliquod
1049 625 1158 687 relin-

170 709 351 796 queretur,
372 701 463 788 quod
480 703 588 768 omnis
604 701 716 767 Gallia
729 701 875 766 libenter
890 705 964 768 sine
980 713 1158 792 praesenti

97 814 103 827 “
172 791 326 884 periculo
343 789 543 878 susciperet.
587 787 707 874 ltaque
725 790 905 854 honorilice
919 795 1077 860 civitates
1096 822 1157 885 ap-

170 876 351 972 pellando,
389 880 557 968 principes
586 876 748 940 maxumis
778 878 937 964 praemiis
961 883 1157 966 afficiendo,

177 968 270 1034 nulla
292 986 392 1030 onera
413 987 497 1030 novo
521 961 719 1052 imponendo
740 962 906 1030 defessam
929 974 981 1034 tot
996 971 1155 1039 adversis

172 1055 317 1148 proeliis
332 1052 477 1120 Galliam
492 1051 679 1118 conditione
695 1051 837 1140 parendi
850 1054 988 1124 meliore
1002 1059 1107 1127 lacile
1122 1064 1155 1127 in

173 1165 262 1235 pace
277 1142 451 1228 continuit.
550 1165 554 1185 ‘

173 1269 181 1278 -
264 1229 306 1297 L.
328 1229 407 1318 lpse
423 1227 572 1294 hibernis
585 1225 731 1316 peractis
744 1232 862 1292 eontra
877 1233 1155 1300 consuetudinem

178 1316 216 1382 iu
232 1316 375 1406 Italiam,
389 1340 491 1404 quam
509 1317 673 1382 maxumis
693 1315 873 1393 itineribus
897 1325 950 1382 est
966 1322 1156 1408 profectus,

69 1415 76 1434 '
179 1410 220 1470 ut
238 1406 417 1493 municipia
438 1413 472 1470 et
489 1403 854 1490 coloniasappellaret',
875 1405 999 1491 quihus
1014 1407 1157 1489 bLAn-

177 1493 286 1573 tonii,
307 1492 496 1581 quaestoris
514 1492 584 1571 sui,
605 1489 852 1557 commendaret
865 1493 1048 1561 sacerdotii
1066 1501 1156 1586 peti·
1199 1529 1200 1568 i

179 1573 320 1649 tionem.
362 1579 594 1650 Contendebat
606 1581 693 1644 enim
711 1580 821 1662 gratia
836 1601 909 1645 carm
926 1582 1075 1650 libenter
1093 1609 1156 1674 pro
1199 1575 1200 1586 ¹

95 1745 97 1752 ¹
180 1667 313 1738 bomine
327 1667 392 1737 sibi
407 1668 699 1747 coniunctissimo,
720 1689 817 1752 quem
830 1669 948 1755 paullo
964 1679 1040 1736 ante
1055 1696 1156 1760 prae·

179 1761 324 1824 miserat
336 1755 378 1830 ad
392 1757 598 1844 petitionem,
618 1763 688 1820 turu
705 1757 829 1820 acriter
841 1749 958 1822 contra
972 1759 1154 1828 factionem

75 1849 77 1853 ’
149 1901 155 1922 ,
176 1853 219 1912 et
232 1843 415 1933 potentiam
430 1861 625 1931 paucorum,
638 1841 700 1928 qui
707 1839 755 1907 M.
764 1842 907 1908 Antonii
922 1848 1058 1934 repulsa
1068 1847 1155 1917 Gae-

172 1932 270 2006 *saris
285 1929 476 1997 decedentis
486 1930 672 1995 convellere
683 1931 1032 2020 gratiam'cupiebant.
1051 1935 1153 2002 Hunc

179 2021 250 2087 etsi
272 2015 429 2106 augurem
452 2020 547 2108 prius
569 2018 712 2096 factum,
735 2039 834 2103 quam
851 2017 986 2086 ltaliam
1007 2025 1154 2110 attinge·

76 2175 78 2187 ,
179 2101 255 2190 let,
276 2109 311 2174 in
332 2106 644 2185 itinere‘audierat,
673 2111 869 2171 tamennon
892 2110 1001 2174 miuus
1022 2114 1151 2178 iustam

176 2197 250 2266 sibi
264 2191 433 2274 ,caussam
444 2194 624 2282 municipia
647 2201 684 2258 et
704 2194 851 2260 munias
871 2195 1016 2262 adeundi
1035 2201 1153 2266 existi-

176 2285 304 2364 mavit,
322 2291 362 2350 ut
382 2284 429 2349 lis·
447 2279 574 2367 gratias
598 2289 732 2366 ageret,
752 2273 1082 2372 'quodfrequentiam
1103 2296 1154 2352 at·
1198 2289 1199 2358 ξ

178 2371 522 2462 que'officium-suuur
535 2370 686 2435 Antonio
700 2370 964 2458 praestitissent,
985 2373 1154 2462 simaslque
1197 2365 1199 2394 ¹

179 2483 221 2530 se
236 2462 442 2526 othonorum
460 2469 557 2524 suarm
575 2458 608 2522 iu
626 2458 796 2544 sequentis
813 2462 890 2523 anui
903 2463 1152 2528 commendaret

167 2547 362 2638 petitione,
384 2555 562 2636 propterea
584 2544 674 2632 quod
694 2546 878 2611 insolenter
895 2545 1083 2616 adversarii
1098 2550 1151 2616 sui

179 2635 410 2722 gloriarentur
436 2635 478 2701 L.
499 2633 679 2700 Lentulum
705 2641 740 2698 et
761 2632 1022 2702 G.Ill1arcellum
1051 2636 1152 2704 Coss.

183 2728 333 2804 creatos,
361 2721 419 2810 qui
437 2745 563 2787 omnem
587 2721 743 2785 honorem
759 2728 794 2785 ct
810 2721 1006 2804 dignitatem
1019 2723 1149 2794 Caesa-

181 2811 232 2878 ris
251 2801 478 2898 exspoliarent
488 2855 501 2886 ,
531 2791 682 2895 er‘eptum
703 2808 822 2892 Sergio
843 2809 972 2877 Galbae
998 2816 1150 2878 consula·
1194 2883 1197 2890 ,

146 2903 148 2912 ’
181 2907 274 2982 tum,
295 2921 370 2964 cum
387 2898 425 2982 is,
436 2899 541 2988 multo
555 2898 633 2984 plus
649 2898 756 2980 gratia
772 2895 1008 2986 suffragiisque
1026 2901 1150 2966 valuis-

72 3030 84 3049 ι
181 2995 252 3067 set,
273 2983 365 3076 quod
387 2983 452 3053 sibi
471 2985 665 3051 coniunctus
686 2993 719 3050 et
734 2985 965 3052 familiaritate
981 2993 1021 3068 ,et
1036 3009 1150 3054 neces-

180 3074 329 3156 situdine
343 3073 519 3160 legationis
534 3079 637 3138 esset.
957 3108 959 3116 x

268 3160 328 3230 Ll.
361 3161 530 3251 Exceptus
553 3167 606 3224 est
619 3157 776 3226 Caesaris
798 3157 959 3226 adventus
981 3140 1150 3230 affamur-

180 3247 245 3314 bus
266 3250 457 3340 municipiis
476 3255 510 3314 ct
530 3235 668 3314 coloniis
691 3245 881 3330 incredibili
903 3249 1027 3314 bonore
1047 3259 1149 3336 atque

177 3329 312 3418 amore:
333 3345 402 3402 turn
417 3337 559 3427 primum
576 3336 660 3400 enim
677 3334 830 3400 veniebat
843 3335 884 3400 ab
898 3337 959 3401 illo
973 3335 1147 3402 universae
1197 3339 1198 3424 J

106 3493 108 3502 s
179 3419 313 3504 Galliae
326 3424 426 3494 bello.
447 3423 545 3492 Nihil
558 3423 822 3509 relinquebatur,
836 3424 926 3506 quaed
939 3423 981 3490 ad
994 3433 1146 3489 ornatum

179 3520 373 3616 portarum,
395 3513 571 3590 itinerum,
594 3513 743 3575 locorum
761 3513 919 3591 omnium,
941 3533 1007 3600 qua
1022 3509 1147 3580 Caesar
1194 3537 1198 3612 }

177 3607 290 3665 rturus
311 3599 606 3684 erat‚'cxcogitari
627 3609 753 3686 posset.
799 3597 882 3666 Cum
905 3599 1023 3673 liberis
1040 3600 1144 3665 omnis

176 3687 357 3752 multitudo
371 3687 500 3776 ebriam
513 3686 732 3774 procedebat3
753 3687 882 3751 hostiae
895 3691 1048 3753 omnibus
1062 3687 1143 3754 locis

175 3763 452 3854 immolabantur3
480 3775 639 3842 tricliniis
656 3776 775 3840 stratis
790 3775 863 3840 fora
885 3779 1076 3862 templaque
1089 3797 1142 3836 oc-

173 3859 401 3943 cupabantur,
419 3871 458 3927 ut
472 3861 524 3926 rel
539 3862 819 3950 exspectatissimi
835 3861 997 3951 triumphi
1011 3861 1141 3932 laetitia
