<?xml version="1.0" encoding="UTF-8"?>
<!DOCTYPE html PUBLIC "-//W3C//DTD XHTML 1.0 Transitional//EN"
    "http://www.w3.org/TR/xhtml1/DTD/xhtml1-transitional.dtd">
<html xmlns="http://www.w3.org/1999/xhtml" xml:lang="en" lang="en">
 <head>
  <title>
</title>
<meta http-equiv="Content-Type" content="text/html;charset=utf-8" />
  <meta name='ocr-system' content='tesseract 3.04.00' />
  <meta name='ocr-capabilities' content='ocr_page ocr_carea ocr_par ocr_line ocrx_word'/>
</head>
<body>
  <div class='ocr_page' id='page_1' title='image "./ciuliicaesarisc00seyfgoog_0314.png"; bbox 0 0 2404 4354; ppageno 0'>
   <div class='ocr_carea' id='block_1_1' title="bbox 156 168 1094 296">
    <p class='ocr_par' dir='ltr' id='par_1_1' title="bbox 156 168 1094 296">
     <span class='ocr_line' id='line_1_1' title="bbox 156 168 1094 296; baseline 0.011 -19"><span class='ocrx_word' id='word_1_1' title='bbox 156 185 226 274; x_wconf 83' lang='lat'><strong>&#39;.</strong></span> <span class='ocrx_word' id='word_1_2' title='bbox 314 168 785 290; x_wconf 63' lang='lat' dir='ltr'><strong>arsamum·</strong></span> <span class='ocrx_word' id='word_1_3' title='bbox 870 253 873 260; x_wconf 86' lang='lat'><em>-</em></span> <span class='ocrx_word' id='word_1_4' title='bbox 956 215 1094 296; x_wconf 80' lang='lat' dir='ltr'><strong>aos-</strong></span> 
     </span>
    </p>
   </div>
   <div class='ocr_carea' id='block_1_2' title="bbox 6 380 1193 3202">
    <p class='ocr_par' dir='ltr' id='par_1_2' title="bbox 13 380 1118 1261">
     <span class='ocr_line' id='line_1_2' title="bbox 13 380 1106 473; baseline 0.001 -22"><span class='ocrx_word' id='word_1_5' title='bbox 13 425 14 428; x_wconf 60' lang='lat'><em>=</em></span> <span class='ocrx_word' id='word_1_6' title='bbox 42 381 106 451; x_wconf 90' lang='lat' dir='ltr'><strong>sod</strong></span> <span class='ocrx_word' id='word_1_7' title='bbox 127 382 271 451; x_wconf 85' lang='lat' dir='ltr'><strong>inertiae</strong></span> <span class='ocrx_word' id='word_1_8' title='bbox 285 382 467 468; x_wconf 73' lang='lat' dir='ltr'><strong>videretur·</strong></span> <span class='ocrx_word' id='word_1_9' title='bbox 480 380 523 452; x_wconf 87' lang='lat' dir='ltr'><strong>de</strong></span> <span class='ocrx_word' id='word_1_10' title='bbox 586 383 752 452; x_wconf 80' lang='lat' dir='ltr'><strong>sationem</strong></span> <span class='ocrx_word' id='word_1_11' title='bbox 764 381 911 461; x_wconf 70' lang='lat' dir='ltr'><strong>naboe,</strong></span> <span class='ocrx_word' id='word_1_12' title='bbox 930 383 1024 457; x_wconf 69' lang='lat' dir='ltr'><strong>oufi,</strong></span> <span class='ocrx_word' id='word_1_13' title='bbox 1051 399 1059 416; x_wconf 66' lang='grc'><strong>“</strong></span> <span class='ocrx_word' id='word_1_14' title='bbox 1103 463 1106 473; x_wconf 25' lang='lat'><strong>¹</strong></span> 
     </span>
     <span class='ocr_line' id='line_1_3' title="bbox 42 467 1026 560; baseline 0.006 -22"><span class='ocrx_word' id='word_1_15' title='bbox 42 475 207 539; x_wconf 87' lang='lat' dir='ltr'><strong>cillimam</strong></span> <span class='ocrx_word' id='word_1_16' title='bbox 227 493 299 538; x_wconf 69' lang='lat' dir='ltr'><strong>mm</strong></span> <span class='ocrx_word' id='word_1_17' title='bbox 322 471 482 560; x_wconf 65' lang='lat' dir='ltr'><strong>suscepi„</strong></span> <span class='ocrx_word' id='word_1_18' title='bbox 516 535 519 540; x_wconf 78' lang='grc'>,</span> <span class='ocrx_word' id='word_1_19' title='bbox 543 467 671 542; x_wconf 82' lang='lat' dir='ltr'><strong>aesaois</strong></span> <span class='ocrx_word' id='word_1_20' title='bbox 692 471 1026 554; x_wconf 23' lang='lat' dir='ltr'><strong>nostri-commentas</strong></span> 
     </span>
     <span class='ocr_line' id='line_1_4' title="bbox 42 558 1028 648; baseline 0.004 -22"><span class='ocrx_word' id='word_1_21' title='bbox 42 562 117 627; x_wconf 89' lang='lat' dir='ltr'><strong>rios</strong></span> <span class='ocrx_word' id='word_1_22' title='bbox 138 582 252 628; x_wconf 83' lang='lat' dir='ltr'><strong>rerum</strong></span> <span class='ocrx_word' id='word_1_23' title='bbox 276 569 446 645; x_wconf 85' lang='lat' dir='ltr'><strong>gestarum</strong></span> <span class='ocrx_word' id='word_1_24' title='bbox 464 558 598 635; x_wconf 73' lang='lat' dir='ltr'><strong>Galliae</strong></span> <span class='ocrx_word' id='word_1_25' title='bbox 615 581 680 626; x_wconf 91' lang='lat' dir='ltr'><strong>non</strong></span> <span class='ocrx_word' id='word_1_26' title='bbox 701 560 944 648; x_wconf 84' lang='lat' dir='ltr'><strong>comparandos</strong></span> <span class='ocrx_word' id='word_1_27' title='bbox 961 585 1028 630; x_wconf 91' lang='lat' dir='ltr'><strong>su-.</strong></span> 
     </span>
     <span class='ocr_line' id='line_1_5' title="bbox 43 647 1022 738; baseline 0.001 -23"><span class='ocrx_word' id='word_1_28' title='bbox 43 649 238 738; x_wconf 80' lang='lat' dir='ltr'><strong>purioribus</strong></span> <span class='ocrx_word' id='word_1_29' title='bbox 266 657 367 735; x_wconf 88' lang='lat' dir='ltr'><strong>atque</strong></span> <span class='ocrx_word' id='word_1_30' title='bbox 394 647 750 734; x_wconf 77' lang='lat' dir='ltr'><strong>insequentibus.eius</strong></span> <span class='ocrx_word' id='word_1_31' title='bbox 778 648 918 736; x_wconf 82' lang='lat' dir='ltr'><strong>scriptis</strong></span> <span class='ocrx_word' id='word_1_32' title='bbox 941 672 1022 723; x_wconf 88' lang='lat' dir='ltr'><strong>con·</strong></span> 
     </span>
     <span class='ocr_line' id='line_1_6' title="bbox 43 733 1093 823; baseline 0.005 -22"><span class='ocrx_word' id='word_1_33' title='bbox 43 738 157 818; x_wconf 80' lang='lat' dir='ltr'><strong>texui&#39;,</strong></span> <span class='ocrx_word' id='word_1_34' title='bbox 177 733 713 823; x_wconf 73' lang='lat' dir='ltr'><strong>novissimumqueimperleotum</strong></span> <span class='ocrx_word' id='word_1_35' title='bbox 735 735 778 802; x_wconf 87' lang='lat' dir='ltr'><strong>ab</strong></span> <span class='ocrx_word' id='word_1_36' title='bbox 794 736 898 816; x_wconf 76' lang='lat' dir='ltr'><strong>rebus</strong></span> <span class='ocrx_word' id='word_1_37' title='bbox 912 739 1020 822; x_wconf 78' lang='lat' dir='ltr'><strong>gestis</strong></span> <span class='ocrx_word' id='word_1_38' title='bbox 1090 783 1093 787; x_wconf 93' lang='lat'><em>-</em></span> 
     </span>
     <span class='ocr_line' id='line_1_7' title="bbox 41 817 1118 912; baseline 0.002 -22"><span class='ocrx_word' id='word_1_39' title='bbox 41 823 275 894; x_wconf 85' lang='lat' dir='ltr'><strong>Alexandriae</strong></span> <span class='ocrx_word' id='word_1_40' title='bbox 289 823 415 890; x_wconf 82' lang='lat' dir='ltr'><strong>confeci</strong></span> <span class='ocrx_word' id='word_1_41' title='bbox 428 844 535 909; x_wconf 88' lang='lat' dir='ltr'><strong>usque</strong></span> <span class='ocrx_word' id='word_1_42' title='bbox 548 821 729 890; x_wconf 78' lang='lat' dir='ltr'><strong>aderitum</strong></span> <span class='ocrx_word' id='word_1_43' title='bbox 744 845 809 889; x_wconf 88' lang='lat' dir='ltr'><strong>non</strong></span> <span class='ocrx_word' id='word_1_44' title='bbox 824 823 1021 912; x_wconf 82' lang='lat' dir='ltr'><strong>quidemci-</strong></span> <span class='ocrx_word' id='word_1_45' title='bbox 1114 817 1118 828; x_wconf 48' lang='lat'><strong>¹</strong></span> 
     </span>
     <span class='ocr_line' id='line_1_8' title="bbox 41 909 1065 995; baseline -0.002 -18"><span class='ocrx_word' id='word_1_46' title='bbox 41 912 123 978; x_wconf 86' lang='lat' dir='ltr'><strong>vilis</strong></span> <span class='ocrx_word' id='word_1_47' title='bbox 140 911 379 991; x_wconf 79' lang='lat' dir='ltr'><strong>dissensionis,</strong></span> <span class='ocrx_word' id='word_1_48' title='bbox 400 910 496 975; x_wconf 90' lang='lat' dir='ltr'><strong>cuius</strong></span> <span class='ocrx_word' id='word_1_49' title='bbox 511 909 609 976; x_wconf 87' lang='lat' dir='ltr'><strong>finem</strong></span> <span class='ocrx_word' id='word_1_50' title='bbox 623 912 752 977; x_wconf 89' lang='lat' dir='ltr'><strong>nullum</strong></span> <span class='ocrx_word' id='word_1_51' title='bbox 765 910 936 995; x_wconf 77' lang='lat' dir='ltr'><strong>videmus,</strong></span> <span class='ocrx_word' id='word_1_52' title='bbox 956 912 1018 980; x_wconf 93' lang='lat' dir='ltr'><strong>sed</strong></span> <span class='ocrx_word' id='word_1_53' title='bbox 1063 963 1065 975; x_wconf 90' lang='lat'><em>.</em></span> 
     </span>
     <span class='ocr_line' id='line_1_9' title="bbox 40 997 1018 1089; baseline 0.005 -24"><span class='ocrx_word' id='word_1_54' title='bbox 40 999 134 1070; x_wconf 74' lang='lat' dir='ltr'><strong>ritae</strong></span> <span class='ocrx_word' id='word_1_55' title='bbox 149 998 318 1072; x_wconf 76' lang='lat' dir='ltr'><strong>Caesaris.</strong></span> <span class='ocrx_word' id='word_1_56' title='bbox 364 997 458 1084; x_wconf 79' lang='lat' dir='ltr'><strong>Quos</strong></span> <span class='ocrx_word' id='word_1_57' title='bbox 479 998 606 1065; x_wconf 87' lang='lat' dir='ltr'><strong>utinam</strong></span> <span class='ocrx_word' id='word_1_58' title='bbox 627 999 687 1087; x_wconf 87' lang='lat' dir='ltr'><strong>qul</strong></span> <span class='ocrx_word' id='word_1_59' title='bbox 700 999 815 1084; x_wconf 77' lang='lat' dir='ltr'><strong>legent</strong></span> <span class='ocrx_word' id='word_1_60' title='bbox 837 1001 1018 1089; x_wconf 87' lang='lat' dir='ltr'><strong>scirepos-</strong></span> 
     </span>
     <span class='ocr_line' id='line_1_10' title="bbox 41 1084 1018 1176; baseline 0.005 -25"><span class='ocrx_word' id='word_1_61' title='bbox 41 1087 131 1166; x_wconf 89' lang='lat' dir='ltr'><strong>sint,</strong></span> <span class='ocrx_word' id='word_1_62' title='bbox 154 1107 252 1174; x_wconf 88' lang='lat' dir='ltr'><strong>quom</strong></span> <span class='ocrx_word' id='word_1_63' title='bbox 276 1084 401 1152; x_wconf 84' lang='lat' dir='ltr'><strong>invitus</strong></span> <span class='ocrx_word' id='word_1_64' title='bbox 422 1086 628 1176; x_wconf 79' lang='lat' dir='ltr'><strong>susceperim</strong></span> <span class='ocrx_word' id='word_1_65' title='bbox 647 1086 864 1170; x_wconf 87' lang='lat' dir='ltr'><strong>scribendos,</strong></span> <span class='ocrx_word' id='word_1_66' title='bbox 884 1087 951 1175; x_wconf 87' lang='lat' dir='ltr'><strong>qu&#39;o</strong></span> <span class='ocrx_word' id='word_1_67' title='bbox 966 1089 1018 1156; x_wconf 88' lang='lat' dir='ltr'><strong>la·</strong></span> 
     </span>
     <span class='ocr_line' id='line_1_11' title="bbox 41 1170 1017 1261; baseline 0.003 -22"><span class='ocrx_word' id='word_1_68' title='bbox 41 1174 142 1240; x_wconf 88' lang='lat' dir='ltr'><strong>cilius</strong></span> <span class='ocrx_word' id='word_1_69' title='bbox 165 1195 294 1241; x_wconf 87' lang='lat' dir='ltr'><strong>caream</strong></span> <span class='ocrx_word' id='word_1_70' title='bbox 318 1171 487 1240; x_wconf 82' lang='lat' dir='ltr'><strong>stultitiae</strong></span> <span class='ocrx_word' id='word_1_71' title='bbox 508 1181 609 1261; x_wconf 90' lang='lat' dir='ltr'><strong>atque</strong></span> <span class='ocrx_word' id='word_1_72' title='bbox 631 1170 843 1260; x_wconf 72' lang='lat' dir='ltr'><strong>arrogantiae</strong></span> <span class='ocrx_word' id='word_1_73' title='bbox 863 1175 1017 1258; x_wconf 83' lang='lat' dir='ltr'><strong>crimine,</strong></span> 
     </span>
    </p>

    <p class='ocr_par' dir='ltr' id='par_1_3' title="bbox 9 1259 1079 1700">
     <span class='ocr_line' id='line_1_12' title="bbox 9 1259 1016 1352; baseline 0.006 -26"><span class='ocrx_word' id='word_1_74' title='bbox 9 1339 10 1344; x_wconf 5' lang='grc' dir='ltr'>ἵ</span> <span class='ocrx_word' id='word_1_75' title='bbox 65 1261 102 1326; x_wconf 91' lang='lat' dir='ltr'><strong>ui</strong></span> <span class='ocrx_word' id='word_1_76' title='bbox 137 1260 190 1327; x_wconf 89' lang='lat' dir='ltr'><strong>me</strong></span> <span class='ocrx_word' id='word_1_77' title='bbox 223 1259 344 1336; x_wconf 88' lang='lat' dir='ltr'><strong>mediis</strong></span> <span class='ocrx_word' id='word_1_78' title='bbox 377 1261 637 1348; x_wconf 75' lang='lat' dir='ltr'><strong>interposuerim</strong></span> <span class='ocrx_word' id='word_1_79' title='bbox 669 1260 828 1330; x_wconf 87' lang='lat' dir='ltr'><strong>Caesaris</strong></span> <span class='ocrx_word' id='word_1_80' title='bbox 864 1263 1016 1352; x_wconf 80' lang='lat' dir='ltr'><strong>scriptis.</strong></span> 
     </span>
     <span class='ocr_line' id='line_1_13' title="bbox 40 1284 1013 1438; baseline 0.001 -23"><span class='ocrx_word' id='word_1_81' title='bbox 40 1284 186 1415; x_wconf 59' lang='lat' dir='ltr'><strong>bonstat</strong></span> <span class='ocrx_word' id='word_1_82' title='bbox 214 1349 300 1414; x_wconf 88' lang='lat' dir='ltr'><strong>enim</strong></span> <span class='ocrx_word' id='word_1_83' title='bbox 331 1349 573 1428; x_wconf 83' lang='lat' dir='ltr'><strong>interamnae,</strong></span> <span class='ocrx_word' id='word_1_84' title='bbox 604 1344 698 1414; x_wconf 87' lang='lat' dir='ltr'><strong>nihil</strong></span> <span class='ocrx_word' id='word_1_85' title='bbox 713 1351 946 1438; x_wconf 86' lang='lat' dir='ltr'><strong>tam&#39;operose</strong></span> <span class='ocrx_word' id='word_1_86' title='bbox 967 1351 1013 1416; x_wconf 70' lang='lat' dir='ltr'><strong>‘ab</strong></span> 
     </span>
     <span class='ocr_line' id='line_1_14' title="bbox 39 1433 1079 1524; baseline 0.002 -22"><span class='ocrx_word' id='word_1_87' title='bbox 39 1437 119 1502; x_wconf 86' lang='lat' dir='ltr'><strong>aliis</strong></span> <span class='ocrx_word' id='word_1_88' title='bbox 147 1458 222 1502; x_wconf 89' lang='lat' dir='ltr'><strong>esse</strong></span> <span class='ocrx_word' id='word_1_89' title='bbox 250 1437 456 1522; x_wconf 88' lang='lat' dir='ltr'><strong>perlectum,</strong></span> <span class='ocrx_word' id='word_1_90' title='bbox 493 1433 584 1522; x_wconf 81' lang='lat' dir='ltr'><strong>quod</strong></span> <span class='ocrx_word' id='word_1_91' title='bbox 611 1457 677 1501; x_wconf 88' lang='lat' dir='ltr'><strong>non</strong></span> <span class='ocrx_word' id='word_1_92' title='bbox 703 1436 820 1503; x_wconf 89' lang='lat' dir='ltr'><strong>horum</strong></span> <span class='ocrx_word' id='word_1_93' title='bbox 850 1438 1017 1524; x_wconf 74' lang='lat' dir='ltr'><strong>elegantia</strong></span> <span class='ocrx_word' id='word_1_94' title='bbox 1048 1447 1079 1471; x_wconf 83' lang='grc'><strong>·’</strong></span> 
     </span>
     <span class='ocr_line' id='line_1_15' title="bbox 38 1523 1017 1612; baseline 0.001 -22"><span class='ocrx_word' id='word_1_95' title='bbox 38 1525 355 1595; x_wconf 79' lang='lat' dir='ltr'><strong>commentariorum</strong></span> <span class='ocrx_word' id='word_1_96' title='bbox 369 1532 564 1612; x_wconf 90' lang='lat' dir='ltr'><strong>superetur:</strong></span> <span class='ocrx_word' id='word_1_97' title='bbox 585 1523 733 1612; x_wconf 86' lang='lat' dir='ltr'><strong>quisunt</strong></span> <span class='ocrx_word' id='word_1_98' title='bbox 746 1523 841 1603; x_wconf 78' lang='lat' dir='ltr'><strong>editi,</strong></span> <span class='ocrx_word' id='word_1_99' title='bbox 853 1545 896 1590; x_wconf 88' lang='lat' dir='ltr'><strong>ne</strong></span> <span class='ocrx_word' id='word_1_100' title='bbox 908 1527 1017 1591; x_wconf 76' lang='lat' dir='ltr'><strong>scicn-</strong></span> 
     </span>
     <span class='ocr_line' id='line_1_16' title="bbox 37 1601 1016 1700; baseline 0.001 -23"><span class='ocrx_word' id='word_1_101' title='bbox 37 1613 88 1678; x_wconf 89' lang='lat' dir='ltr'><strong>tia</strong></span> <span class='ocrx_word' id='word_1_102' title='bbox 114 1601 287 1677; x_wconf 76' lang='lat' dir='ltr'><strong>tantarum</strong></span> <span class='ocrx_word' id='word_1_103' title='bbox 308 1633 419 1676; x_wconf 88' lang='lat' dir='ltr'><strong>rerum</strong></span> <span class='ocrx_word' id='word_1_104' title='bbox 442 1611 667 1700; x_wconf 84' lang='lat' dir='ltr'><strong>scriptoribus</strong></span> <span class='ocrx_word' id='word_1_105' title='bbox 689 1608 842 1692; x_wconf 82' lang='lat' dir='ltr'><strong>deesset,</strong></span> <span class='ocrx_word' id='word_1_106' title='bbox 865 1612 1016 1699; x_wconf 78' lang='lat' dir='ltr'><strong>adeoque</strong></span> 
     </span>
    </p>

    <p class='ocr_par' dir='ltr' id='par_1_4' title="bbox 36 1693 1179 2146">
     <span class='ocr_line' id='line_1_17' title="bbox 62 1693 1098 1790; baseline -0.001 -25"><span class='ocrx_word' id='word_1_107' title='bbox 62 1699 226 1765; x_wconf 81' lang='lat' dir='ltr'><strong>rebantur</strong></span> <span class='ocrx_word' id='word_1_108' title='bbox 240 1699 384 1765; x_wconf 90' lang='lat' dir='ltr'><strong>omnium</strong></span> <span class='ocrx_word' id='word_1_109' title='bbox 399 1696 540 1779; x_wconf 89' lang='lat' dir='ltr'><strong>iudicio,</strong></span> <span class='ocrx_word' id='word_1_110' title='bbox 563 1705 602 1763; x_wconf 92' lang='lat' dir='ltr'><strong>ut</strong></span> <span class='ocrx_word' id='word_1_111' title='bbox 616 1706 813 1789; x_wconf 88' lang='lat' dir='ltr'><strong>praerepta,</strong></span> <span class='ocrx_word' id='word_1_112' title='bbox 831 1693 898 1764; x_wconf 80' lang='lat' dir='ltr'><strong>non</strong></span> <span class='ocrx_word' id='word_1_113' title='bbox 916 1721 1015 1790; x_wconf 89' lang='lat' dir='ltr'><strong>prae-</strong></span> <span class='ocrx_word' id='word_1_114' title='bbox 1096 1763 1098 1768; x_wconf 86' lang='grc'>,</span> 
     </span>
     <span class='ocr_line' id='line_1_18' title="bbox 36 1724 1014 1875; baseline 0 -21"><span class='ocrx_word' id='word_1_115' title='bbox 36 1724 113 1854; x_wconf 76' lang='lat' dir='ltr'><strong>bita</strong></span> <span class='ocrx_word' id='word_1_116' title='bbox 136 1785 281 1853; x_wconf 84' lang='lat' dir='ltr'><strong>facultas</strong></span> <span class='ocrx_word' id='word_1_117' title='bbox 305 1785 529 1875; x_wconf 83' lang='lat' dir='ltr'><strong>scriptoribus</strong></span> <span class='ocrx_word' id='word_1_118' title='bbox 549 1784 716 1856; x_wconf 86' lang='lat' dir='ltr'><strong>videatur.</strong></span> <span class='ocrx_word' id='word_1_119' title='bbox 769 1784 876 1854; x_wconf 87' lang='lat' dir='ltr'><strong>Cuius</strong></span> <span class='ocrx_word' id='word_1_120' title='bbox 900 1793 1014 1864; x_wconf 85' lang='lat' dir='ltr'><strong>tamen</strong></span> 
     </span>
     <span class='ocr_line' id='line_1_19' title="bbox 37 1871 1011 1962; baseline 0.001 -21"><span class='ocrx_word' id='word_1_121' title='bbox 37 1875 92 1941; x_wconf 87' lang='lat' dir='ltr'><strong>rei</strong></span> <span class='ocrx_word' id='word_1_122' title='bbox 114 1875 221 1940; x_wconf 86' lang='lat' dir='ltr'><strong>maior</strong></span> <span class='ocrx_word' id='word_1_123' title='bbox 242 1882 359 1940; x_wconf 86' lang='lat' dir='ltr'><strong>nostra</strong></span> <span class='ocrx_word' id='word_1_124' title='bbox 385 1883 486 1962; x_wconf 83' lang='lat' dir='ltr'><strong>quam</strong></span> <span class='ocrx_word' id='word_1_125' title='bbox 509 1873 716 1962; x_wconf 86' lang='lat' dir='ltr'><strong>reliquorum</strong></span> <span class='ocrx_word' id='word_1_126' title='bbox 737 1881 791 1939; x_wconf 89' lang='lat' dir='ltr'><strong>est</strong></span> <span class='ocrx_word' id='word_1_127' title='bbox 813 1871 1011 1962; x_wconf 77' lang='lat' dir='ltr'><strong>admiratio:</strong></span> 
     </span>
     <span class='ocr_line' id='line_1_20' title="bbox 36 1961 1013 2052; baseline -0.001 -23"><span class='ocrx_word' id='word_1_128' title='bbox 36 1962 143 2029; x_wconf 87' lang='lat' dir='ltr'><strong>ceteri</strong></span> <span class='ocrx_word' id='word_1_129' title='bbox 157 1963 262 2042; x_wconf 89' lang='lat' dir='ltr'><strong>enim,</strong></span> <span class='ocrx_word' id='word_1_130' title='bbox 276 1963 385 2050; x_wconf 74' lang='lat' dir='ltr'><strong>&#39;quam</strong></span> <span class='ocrx_word' id='word_1_131' title='bbox 400 1964 483 2027; x_wconf 90' lang='lat' dir='ltr'><strong>bene</strong></span> <span class='ocrx_word' id='word_1_132' title='bbox 498 1968 600 2052; x_wconf 88' lang='lat' dir='ltr'><strong>atque</strong></span> <span class='ocrx_word' id='word_1_133' title='bbox 617 1961 803 2042; x_wconf 86' lang='lat' dir='ltr'><strong>emendate,</strong></span> <span class='ocrx_word' id='word_1_134' title='bbox 821 1984 883 2028; x_wconf 92' lang='lat' dir='ltr'><strong>nos</strong></span> <span class='ocrx_word' id='word_1_135' title='bbox 897 1964 1013 2045; x_wconf 89' lang='lat' dir='ltr'><strong>etiam,</strong></span> 
     </span>
     <span class='ocr_line' id='line_1_21' title="bbox 38 2049 1179 2146; baseline 0.004 -32"><span class='ocrx_word' id='word_1_136' title='bbox 38 2069 141 2136; x_wconf 85' lang='lat' dir='ltr'><strong>quam</strong></span> <span class='ocrx_word' id='word_1_137' title='bbox 170 2051 269 2115; x_wconf 88' lang='lat' dir='ltr'><strong>lacile</strong></span> <span class='ocrx_word' id='word_1_138' title='bbox 297 2059 398 2136; x_wconf 81' lang='lat' dir='ltr'><strong>atque</strong></span> <span class='ocrx_word' id='word_1_139' title='bbox 418 2049 574 2146; x_wconf 71' lang='lat' dir='ltr'><strong>celeritpr</strong></span> <span class='ocrx_word' id='word_1_140' title='bbox 592 2071 650 2126; x_wconf 86' lang='lat' dir='ltr'><strong>eos</strong></span> <span class='ocrx_word' id='word_1_141' title='bbox 671 2049 851 2138; x_wconf 80' lang='lat' dir='ltr'><strong>perfecerit</strong></span> <span class='ocrx_word' id='word_1_142' title='bbox 873 2053 1012 2119; x_wconf 84' lang='lat' dir='ltr'><strong>scimus.</strong></span> <span class='ocrx_word' id='word_1_143' title='bbox 1043 2108 1049 2119; x_wconf 83' lang='lat'><em>.</em></span> <span class='ocrx_word' id='word_1_144' title='bbox 1177 2119 1179 2126; x_wconf 85' lang='grc'>,</span> 
     </span>
    </p>

    <p class='ocr_par' dir='ltr' id='par_1_5' title="bbox 8 2135 1148 2924">
     <span class='ocr_line' id='line_1_22' title="bbox 8 2135 1014 2223; baseline -0.009 -17"><span class='ocrx_word' id='word_1_145' title='bbox 8 2137 10 2142; x_wconf 75' lang='grc'><strong>’</strong></span> <span class='ocrx_word' id='word_1_146' title='bbox 35 2138 127 2206; x_wconf 85' lang='lat' dir='ltr'><strong>Erat</strong></span> <span class='ocrx_word' id='word_1_147' title='bbox 140 2146 250 2201; x_wconf 83' lang='lat' dir='ltr'><strong>autem</strong></span> <span class='ocrx_word' id='word_1_148' title='bbox 265 2137 302 2206; x_wconf 84' lang='lat' dir='ltr'><strong>in¹</strong></span> <span class='ocrx_word' id='word_1_149' title='bbox 315 2135 462 2204; x_wconf 86' lang='lat' dir='ltr'><strong>Caesare</strong></span> <span class='ocrx_word' id='word_1_150' title='bbox 476 2135 711 2200; x_wconf 83' lang='lat' dir='ltr'><strong>oum&#39;facultas</strong></span> <span class='ocrx_word' id='word_1_151' title='bbox 726 2143 829 2223; x_wconf 83' lang='lat' dir='ltr'><strong>atque</strong></span> <span class='ocrx_word' id='word_1_152' title='bbox 844 2139 1014 2222; x_wconf 63' lang='lat' dir='ltr'><strong>elegantia,</strong></span> 
     </span>
     <span class='ocr_line' id='line_1_23' title="bbox 36 2222 1052 2302; baseline 0.002 -12"><span class='ocrx_word' id='word_1_153' title='bbox 36 2243 171 2294; x_wconf 85' lang='lat' dir='ltr'><strong>summa</strong></span> <span class='ocrx_word' id='word_1_154' title='bbox 199 2223 387 2302; x_wconf 87' lang='lat' dir='ltr'><strong>scribendi,</strong></span> <span class='ocrx_word' id='word_1_155' title='bbox 415 2229 486 2287; x_wconf 88' lang='lat' dir='ltr'><strong>tom</strong></span> <span class='ocrx_word' id='word_1_156' title='bbox 508 2222 683 2290; x_wconf 82' lang='lat' dir='ltr'><strong>verissima</strong></span> <span class='ocrx_word' id='word_1_157' title='bbox 706 2223 847 2288; x_wconf 87' lang='lat' dir='ltr'><strong>scientia</strong></span> <span class='ocrx_word' id='word_1_158' title='bbox 871 2247 1011 2292; x_wconf 77' lang='lat' dir='ltr'><strong>suonam</strong></span> <span class='ocrx_word' id='word_1_159' title='bbox 1050 2225 1052 2228; x_wconf 70' lang='grc'><strong>’</strong></span> 
     </span>
     <span class='ocr_line' id='line_1_24' title="bbox 35 2309 1010 2400; baseline -0.002 -20"><span class='ocrx_word' id='word_1_160' title='bbox 35 2311 256 2380; x_wconf 89' lang='lat' dir='ltr'><strong>consiliorum</strong></span> <span class='ocrx_word' id='word_1_161' title='bbox 278 2309 563 2399; x_wconf 74' lang='lat' dir='ltr'><strong>explicandorum.</strong></span> <span class='ocrx_word' id='word_1_162' title='bbox 607 2310 691 2377; x_wconf 81' lang='lat' dir='ltr'><strong>Mihi</strong></span> <span class='ocrx_word' id='word_1_163' title='bbox 710 2332 752 2400; x_wconf 89' lang='lat' dir='ltr'><strong>ne</strong></span> <span class='ocrx_word' id='word_1_164' title='bbox 771 2310 859 2377; x_wconf 88' lang='lat' dir='ltr'><strong>illud</strong></span> <span class='ocrx_word' id='word_1_165' title='bbox 874 2311 1010 2399; x_wconf 86' lang='lat' dir='ltr'><strong>quidem</strong></span> 
     </span>
     <span class='ocr_line' id='line_1_25' title="bbox 36 2397 1046 2485; baseline 0 -18"><span class='ocrx_word' id='word_1_166' title='bbox 36 2398 182 2481; x_wconf 89' lang='lat' dir='ltr'><strong>accidit,</strong></span> <span class='ocrx_word' id='word_1_167' title='bbox 204 2407 244 2464; x_wconf 89' lang='lat' dir='ltr'><strong>ut</strong></span> <span class='ocrx_word' id='word_1_168' title='bbox 256 2397 488 2466; x_wconf 83' lang='lat' dir='ltr'><strong>Alexandrino</strong></span> <span class='ocrx_word' id='word_1_169' title='bbox 506 2406 606 2485; x_wconf 89' lang='lat' dir='ltr'><strong>atque</strong></span> <span class='ocrx_word' id='word_1_170' title='bbox 620 2398 785 2466; x_wconf 81' lang='lat' dir='ltr'><strong>Africano</strong></span> <span class='ocrx_word' id='word_1_171' title='bbox 801 2397 892 2465; x_wconf 86' lang='lat' dir='ltr'><strong>bello</strong></span> <span class='ocrx_word' id='word_1_172' title='bbox 906 2401 1011 2468; x_wconf 81' lang='lat' dir='ltr'><strong>inter-</strong></span> <span class='ocrx_word' id='word_1_173' title='bbox 1043 2436 1046 2444; x_wconf 93' lang='lat'>·</span> 
     </span>
     <span class='ocr_line' id='line_1_26' title="bbox 35 2485 1148 2578; baseline 0 -24"><span class='ocrx_word' id='word_1_174' title='bbox 35 2507 168 2554; x_wconf 86' lang='lat' dir='ltr'><strong>essem:</strong></span> <span class='ocrx_word' id='word_1_175' title='bbox 191 2509 277 2574; x_wconf 87' lang='lat' dir='ltr'><strong>quae</strong></span> <span class='ocrx_word' id='word_1_176' title='bbox 296 2487 385 2576; x_wconf 87' lang='lat' dir='ltr'><strong>bella</strong></span> <span class='ocrx_word' id='word_1_177' title='bbox 402 2507 591 2573; x_wconf 87' lang='lat' dir='ltr'><strong>quanquam</strong></span> <span class='ocrx_word' id='word_1_178' title='bbox 608 2508 647 2552; x_wconf 86' lang='lat' dir='ltr'><strong>ex</strong></span> <span class='ocrx_word' id='word_1_179' title='bbox 663 2496 761 2575; x_wconf 91' lang='lat' dir='ltr'><strong>parte</strong></span> <span class='ocrx_word' id='word_1_180' title='bbox 775 2485 871 2568; x_wconf 76' lang='lat' dir='ltr'><strong>nobis</strong></span> <span class='ocrx_word' id='word_1_181' title='bbox 884 2485 1011 2555; x_wconf 82' lang='lat' dir='ltr'><strong>Gaesa-</strong></span> <span class='ocrx_word' id='word_1_182' title='bbox 1077 2553 1078 2556; x_wconf 72' lang='grc'>,</span> <span class='ocrx_word' id='word_1_183' title='bbox 1101 2501 1107 2518; x_wconf 59' lang='lat'>‘</span> <span class='ocrx_word' id='word_1_184' title='bbox 1145 2567 1148 2578; x_wconf 20' lang='grc' dir='ltr'><strong><em>Δ</em></strong></span> 
     </span>
     <span class='ocr_line' id='line_1_27' title="bbox 35 2574 1009 2658; baseline 0.003 -16"><span class='ocrx_word' id='word_1_185' title='bbox 35 2577 89 2642; x_wconf 85' lang='lat' dir='ltr'><strong>ris</strong></span> <span class='ocrx_word' id='word_1_186' title='bbox 120 2596 271 2652; x_wconf 81' lang='lat' dir='ltr'><strong>sermone</strong></span> <span class='ocrx_word' id='word_1_187' title='bbox 299 2575 369 2642; x_wconf 87' lang='lat' dir='ltr'><strong>sint</strong></span> <span class='ocrx_word' id='word_1_188' title='bbox 394 2582 489 2652; x_wconf 90' lang='lat' dir='ltr'><strong>nota,</strong></span> <span class='ocrx_word' id='word_1_189' title='bbox 522 2580 634 2640; x_wconf 87' lang='lat' dir='ltr'><strong>tamen</strong></span> <span class='ocrx_word' id='word_1_190' title='bbox 656 2576 758 2640; x_wconf 82' lang='lat' dir='ltr'><strong>alitor</strong></span> <span class='ocrx_word' id='word_1_191' title='bbox 780 2574 934 2656; x_wconf 77' lang='lat' dir='ltr'><strong>audimus</strong></span> <span class='ocrx_word' id='word_1_192' title='bbox 957 2597 1009 2658; x_wconf 80' lang='lat' dir='ltr'><strong>ea,</strong></span> 
     </span>
     <span class='ocr_line' id='line_1_28' title="bbox 35 2657 1008 2752; baseline 0.001 -24"><span class='ocrx_word' id='word_1_193' title='bbox 35 2684 125 2752; x_wconf 85' lang='lat' dir='ltr'><strong>quae</strong></span> <span class='ocrx_word' id='word_1_194' title='bbox 145 2685 257 2728; x_wconf 88' lang='lat' dir='ltr'><strong>rerum</strong></span> <span class='ocrx_word' id='word_1_195' title='bbox 280 2663 428 2729; x_wconf 86' lang='lat' dir='ltr'><strong>novitate</strong></span> <span class='ocrx_word' id='word_1_196' title='bbox 452 2669 511 2727; x_wconf 90' lang='lat' dir='ltr'><strong>aut</strong></span> <span class='ocrx_word' id='word_1_197' title='bbox 533 2662 754 2746; x_wconf 82' lang='lat' dir='ltr'><strong>admiratione</strong></span> <span class='ocrx_word' id='word_1_198' title='bbox 774 2683 837 2729; x_wconf 89' lang='lat' dir='ltr'><strong>nos</strong></span> <span class='ocrx_word' id='word_1_199' title='bbox 859 2657 1008 2752; x_wconf 83' lang='lat' dir='ltr'><strong>capiunt,</strong></span> 
     </span>
     <span class='ocr_line' id='line_1_29' title="bbox 23 2749 1047 2839; baseline 0.002 -23"><span class='ocrx_word' id='word_1_200' title='bbox 23 2751 157 2831; x_wconf 85' lang='lat' dir='ltr'><strong>aliter,</strong></span> <span class='ocrx_word' id='word_1_201' title='bbox 181 2772 267 2838; x_wconf 87' lang='lat' dir='ltr'><strong>quae</strong></span> <span class='ocrx_word' id='word_1_202' title='bbox 280 2759 343 2839; x_wconf 79' lang='lat' dir='ltr'><strong>pro</strong></span> <span class='ocrx_word' id='word_1_203' title='bbox 358 2751 549 2816; x_wconf 88' lang='lat' dir='ltr'><strong>testimonio</strong></span> <span class='ocrx_word' id='word_1_204' title='bbox 566 2765 683 2826; x_wconf 86' lang='lat' dir='ltr'><strong>sumus</strong></span> <span class='ocrx_word' id='word_1_205' title='bbox 698 2750 833 2819; x_wconf 85' lang='lat' dir='ltr'><strong>dicturi.</strong></span> <span class='ocrx_word' id='word_1_206' title='bbox 861 2749 930 2819; x_wconf 85' lang='lat' dir='ltr'><strong>Sed</strong></span> <span class='ocrx_word' id='word_1_207' title='bbox 946 2773 1009 2837; x_wconf 78' lang='lat' dir='ltr'><strong>ego</strong></span> <span class='ocrx_word' id='word_1_208' title='bbox 1044 2777 1047 2782; x_wconf 92' lang='lat'><em>·</em></span> 
     </span>
     <span class='ocr_line' id='line_1_30' title="bbox 34 2838 1081 2924; baseline 0 -20"><span class='ocrx_word' id='word_1_209' title='bbox 34 2839 195 2904; x_wconf 88' lang='lat' dir='ltr'><strong>nimirum</strong></span> <span class='ocrx_word' id='word_1_210' title='bbox 224 2838 303 2904; x_wconf 89' lang='lat' dir='ltr'><strong>dum</strong></span> <span class='ocrx_word' id='word_1_211' title='bbox 327 2859 440 2905; x_wconf 89' lang='lat' dir='ltr'><strong>omnes</strong></span> <span class='ocrx_word' id='word_1_212' title='bbox 468 2840 691 2913; x_wconf 81' lang='lat' dir='ltr'><strong>excusationis</strong></span> <span class='ocrx_word' id='word_1_213' title='bbox 712 2856 857 2912; x_wconf 83' lang='lat' dir='ltr'><strong>caussas</strong></span> <span class='ocrx_word' id='word_1_214' title='bbox 871 2839 1032 2924; x_wconf 60' lang='lat' dir='ltr'><strong>colligo·</strong></span> <span class='ocrx_word' id='word_1_215' title='bbox 1078 2863 1081 2872; x_wconf 85' lang='lat'><strong>·</strong></span> 
     </span>
    </p>

    <p class='ocr_par' dir='ltr' id='par_1_6' title="bbox 6 2924 1193 3202">
     <span class='ocr_line' id='line_1_31' title="bbox 6 2924 1193 3013; baseline -0.003 -21"><span class='ocrx_word' id='word_1_216' title='bbox 6 2948 80 2992; x_wconf 88' lang='lat' dir='ltr'><strong>ne</strong></span> <span class='ocrx_word' id='word_1_217' title='bbox 99 2947 171 3012; x_wconf 88' lang='lat' dir='ltr'><strong>cum</strong></span> <span class='ocrx_word' id='word_1_218' title='bbox 187 2924 519 3003; x_wconf 64' lang='lat' dir='ltr'><strong>caesareensium,</strong></span> <span class='ocrx_word' id='word_1_219' title='bbox 538 2925 830 3013; x_wconf 82' lang='lat' dir='ltr'><strong>bocipsoorisnen</strong></span> <span class='ocrx_word' id='word_1_220' title='bbox 847 2941 1007 3010; x_wconf 70' lang='lat' dir='ltr'><strong>arrogou·</strong></span> <span class='ocrx_word' id='word_1_221' title='bbox 1068 2975 1074 2989; x_wconf 41' lang='lat' dir='ltr'><strong>i</strong></span> <span class='ocrx_word' id='word_1_222' title='bbox 1192 2965 1193 2974; x_wconf 27' lang='grc' dir='ltr'><strong>κ</strong></span> 
     </span>
     <span class='ocr_line' id='line_1_32' title="bbox 19 3011 1073 3102; baseline -0.003 -21"><span class='ocrx_word' id='word_1_223' title='bbox 19 3015 108 3081; x_wconf 48' lang='lat' dir='ltr'><strong>¹tiae</strong></span> <span class='ocrx_word' id='word_1_224' title='bbox 128 3011 361 3102; x_wconf 85' lang='lat' dir='ltr'><strong>subeo,&#39;quod</strong></span> <span class='ocrx_word' id='word_1_225' title='bbox 380 3035 433 3080; x_wconf 93' lang='lat' dir='ltr'><strong>me</strong></span> <span class='ocrx_word' id='word_1_226' title='bbox 455 3011 580 3080; x_wconf 84' lang='lat' dir='ltr'><strong>iudicio</strong></span> <span class='ocrx_word' id='word_1_227' title='bbox 601 3014 797 3098; x_wconf 86' lang='lat' dir='ltr'><strong>cuiusquam</strong></span> <span class='ocrx_word' id='word_1_228' title='bbox 819 3013 1005 3080; x_wconf 79' lang='lat' dir='ltr'><strong>existimem</strong></span> <span class='ocrx_word' id='word_1_229' title='bbox 1067 3049 1073 3058; x_wconf 43' lang='grc' dir='ltr'><em>ι</em></span> 
     </span>
     <span class='ocr_line' id='line_1_33' title="bbox 34 3097 1053 3202; baseline 0.001 -35"><span class='ocrx_word' id='word_1_230' title='bbox 34 3121 138 3193; x_wconf 92' lang='lat' dir='ltr'><strong>posse</strong></span> <span class='ocrx_word' id='word_1_231' title='bbox 152 3121 226 3166; x_wconf 86' lang='lat' dir='ltr'><strong>corn</strong></span> <span class='ocrx_word' id='word_1_232' title='bbox 244 3099 391 3170; x_wconf 80' lang='lat' dir='ltr'><strong>caesare</strong></span> <span class='ocrx_word' id='word_1_233' title='bbox 406 3100 606 3189; x_wconf 87' lang='lat' dir='ltr'><strong>comparari.</strong></span> <span class='ocrx_word' id='word_1_234' title='bbox 648 3099 748 3168; x_wconf 79' lang='lat' dir='ltr'><strong>Vale.</strong></span> <span class='ocrx_word' id='word_1_235' title='bbox 819 3189 824 3202; x_wconf 28' lang='grc' dir='ltr'>ἱ</span> <span class='ocrx_word' id='word_1_236' title='bbox 954 3097 960 3124; x_wconf 79' lang='grc'>”</span> <span class='ocrx_word' id='word_1_237' title='bbox 1038 3111 1053 3126; x_wconf 73' lang='grc'><strong>“</strong></span> 
     </span>
    </p>
   </div>
   <div class='ocr_carea' id='block_1_3' title="bbox 32 3252 1177 3954">
    <p class='ocr_par' dir='ltr' id='par_1_7' title="bbox 32 3252 1177 3954">
     <span class='ocr_line' id='line_1_34' title="bbox 125 3252 1134 3338; baseline -0.003 -14"><span class='ocrx_word' id='word_1_238' title='bbox 125 3252 258 3325; x_wconf 69' lang='lat' dir='ltr'><strong>Gaul.</strong></span> <span class='ocrx_word' id='word_1_239' title='bbox 304 3254 406 3323; x_wconf 87' lang='lat' dir='ltr'><strong>Omni</strong></span> <span class='ocrx_word' id='word_1_240' title='bbox 427 3253 832 3334; x_wconf 78' lang='lat' dir='ltr'><strong>Galliadevictacaesar</strong></span> <span class='ocrx_word' id='word_1_241' title='bbox 850 3277 924 3338; x_wconf 73' lang='lat' dir='ltr'><strong>cum</strong></span> <span class='ocrx_word' id='word_1_242' title='bbox 947 3277 1005 3322; x_wconf 91' lang='lat' dir='ltr'><strong>su·</strong></span> <span class='ocrx_word' id='word_1_243' title='bbox 1043 3260 1044 3270; x_wconf 76' lang='grc'>’</span> <span class='ocrx_word' id='word_1_244' title='bbox 1131 3275 1134 3282; x_wconf 88' lang='grc'><strong>’</strong></span> 
     </span>
     <span class='ocr_line' id='line_1_35' title="bbox 34 3340 1006 3433; baseline -0.002 -23"><span class='ocrx_word' id='word_1_245' title='bbox 34 3342 169 3433; x_wconf 86' lang='lat' dir='ltr'><strong>periore</strong></span> <span class='ocrx_word' id='word_1_246' title='bbox 188 3350 318 3416; x_wconf 82' lang='lat' dir='ltr'><strong>aestate</strong></span> <span class='ocrx_word' id='word_1_247' title='bbox 332 3345 460 3412; x_wconf 90' lang='lat' dir='ltr'><strong>nullum</strong></span> <span class='ocrx_word' id='word_1_248' title='bbox 482 3343 629 3412; x_wconf 84' lang='lat' dir='ltr'><strong>bellandi</strong></span> <span class='ocrx_word' id='word_1_249' title='bbox 650 3352 790 3432; x_wconf 80' lang='lat' dir='ltr'><strong>tempus</strong></span> <span class='ocrx_word' id='word_1_250' title='bbox 805 3340 1006 3418; x_wconf 54' lang='lat' dir='ltr'><strong>batermisisss</strong></span> 
     </span>
     <span class='ocr_line' id='line_1_36' title="bbox 35 3428 1141 3523; baseline -0.002 -26"><span class='ocrx_word' id='word_1_251' title='bbox 35 3440 89 3498; x_wconf 87' lang='lat' dir='ltr'><strong>sat</strong></span> <span class='ocrx_word' id='word_1_252' title='bbox 112 3432 307 3518; x_wconf 78' lang='lat' dir='ltr'><strong>militesque</strong></span> <span class='ocrx_word' id='word_1_253' title='bbox 323 3433 536 3500; x_wconf 84' lang='lat' dir='ltr'><strong>hibernorum</strong></span> <span class='ocrx_word' id='word_1_254' title='bbox 559 3428 672 3523; x_wconf 75' lang='lat' dir='ltr'><strong>quiete</strong></span> <span class='ocrx_word' id='word_1_255' title='bbox 693 3433 833 3500; x_wconf 85' lang='lat' dir='ltr'><strong>reficere</strong></span> <span class='ocrx_word' id='word_1_256' title='bbox 857 3455 877 3500; x_wconf 84' lang='lat' dir='ltr'><strong>a</strong></span> <span class='ocrx_word' id='word_1_257' title='bbox 899 3431 1020 3506; x_wconf 58' lang='lat' dir='ltr'><strong>tantis*¹</strong></span> <span class='ocrx_word' id='word_1_258' title='bbox 1134 3457 1141 3472; x_wconf 74' lang='lat'><strong><em>¹</em></strong></span> 
     </span>
     <span class='ocr_line' id='line_1_37' title="bbox 35 3519 1177 3609; baseline 0.002 -26"><span class='ocrx_word' id='word_1_259' title='bbox 35 3519 209 3586; x_wconf 84' lang='lat' dir='ltr'><strong>laboribus</strong></span> <span class='ocrx_word' id='word_1_260' title='bbox 223 3519 344 3600; x_wconf 85' lang='lat' dir='ltr'><strong>vellet,</strong></span> <span class='ocrx_word' id='word_1_261' title='bbox 367 3523 558 3608; x_wconf 87' lang='lat' dir='ltr'><strong>complures</strong></span> <span class='ocrx_word' id='word_1_262' title='bbox 576 3520 691 3595; x_wconf 89' lang='lat' dir='ltr'><strong>eodem</strong></span> <span class='ocrx_word' id='word_1_263' title='bbox 714 3529 866 3609; x_wconf 81' lang='lat' dir='ltr'><strong>ternpore</strong></span> <span class='ocrx_word' id='word_1_264' title='bbox 882 3519 1021 3585; x_wconf 59' lang='lat' dir='ltr'><strong>cisitu·</strong></span> <span class='ocrx_word' id='word_1_265' title='bbox 1126 3591 1128 3596; x_wconf 60' lang='grc'>,</span> <span class='ocrx_word' id='word_1_266' title='bbox 1168 3595 1177 3609; x_wconf 31' lang='grc' dir='ltr'><em>Ι</em></span> 
     </span>
     <span class='ocr_line' id='line_1_38' title="bbox 36 3607 1011 3693; baseline -0.005 -21"><span class='ocrx_word' id='word_1_267' title='bbox 36 3615 124 3674; x_wconf 84' lang='lat' dir='ltr'><strong>tates</strong></span> <span class='ocrx_word' id='word_1_268' title='bbox 139 3613 306 3674; x_wconf 84' lang='lat' dir='ltr'><strong>renovare</strong></span> <span class='ocrx_word' id='word_1_269' title='bbox 320 3607 403 3693; x_wconf 86' lang='lat' dir='ltr'><strong>belli</strong></span> <span class='ocrx_word' id='word_1_270' title='bbox 425 3608 574 3675; x_wconf 84' lang='lat' dir='ltr'><strong>consilia</strong></span> <span class='ocrx_word' id='word_1_271' title='bbox 586 3607 831 3680; x_wconf 86' lang='lat' dir='ltr'><strong>nunciabantur</strong></span> <span class='ocrx_word' id='word_1_272' title='bbox 851 3607 1011 3678; x_wconf 66' lang='lat' dir='ltr'><strong>conjura.</strong></span> 
     </span>
     <span class='ocr_line' id='line_1_39' title="bbox 38 3691 1133 3783; baseline -0.005 -21"><span class='ocrx_word' id='word_1_273' title='bbox 38 3695 212 3783; x_wconf 74' lang='lat' dir='ltr'><strong>tionesque</strong></span> <span class='ocrx_word' id='word_1_274' title='bbox 225 3696 347 3763; x_wconf 78' lang='lat' dir='ltr'><strong>lacere:</strong></span> <span class='ocrx_word' id='word_1_275' title='bbox 391 3693 497 3782; x_wconf 80' lang='lat' dir='ltr'><strong>Cuius</strong></span> <span class='ocrx_word' id='word_1_276' title='bbox 511 3697 562 3764; x_wconf 82' lang='lat' dir='ltr'><strong>rel</strong></span> <span class='ocrx_word' id='word_1_277' title='bbox 577 3697 772 3768; x_wconf 82' lang='lat' dir='ltr'><strong>verisimilis</strong></span> <span class='ocrx_word' id='word_1_278' title='bbox 786 3715 907 3764; x_wconf 85' lang='lat' dir='ltr'><strong>caussa</strong></span> <span class='ocrx_word' id='word_1_279' title='bbox 923 3691 1007 3768; x_wconf 69' lang='lat' dir='ltr'><strong>alie-</strong></span> <span class='ocrx_word' id='word_1_280' title='bbox 1027 3761 1028 3766; x_wconf 52' lang='grc'>,</span> <span class='ocrx_word' id='word_1_281' title='bbox 1100 3711 1103 3717; x_wconf 94' lang='grc'><strong><em>·</em></strong></span> <span class='ocrx_word' id='word_1_282' title='bbox 1126 3733 1133 3740; x_wconf 90' lang='lat'>-</span> 
     </span>
     <span class='ocr_line' id='line_1_40' title="bbox 32 3780 1004 3881; baseline 0.001 -36"><span class='ocrx_word' id='word_1_283' title='bbox 32 3782 192 3863; x_wconf 71' lang='lat' dir='ltr'><strong>rabotio,</strong></span> <span class='ocrx_word' id='word_1_284' title='bbox 219 3780 310 3872; x_wconf 75' lang='lat' dir='ltr'><strong>quod</strong></span> <span class='ocrx_word' id='word_1_285' title='bbox 331 3782 442 3852; x_wconf 83' lang='lat' dir='ltr'><strong>Gallis</strong></span> <span class='ocrx_word' id='word_1_286' title='bbox 470 3785 625 3852; x_wconf 86' lang='lat' dir='ltr'><strong>omnibus</strong></span> <span class='ocrx_word' id='word_1_287' title='bbox 645 3785 813 3869; x_wconf 78' lang='lat' dir='ltr'><strong>cognitum</strong></span> <span class='ocrx_word' id='word_1_288' title='bbox 836 3787 930 3849; x_wconf 85' lang='lat' dir='ltr'><strong>esset</strong></span> <span class='ocrx_word' id='word_1_289' title='bbox 948 3799 1004 3881; x_wconf 71' lang='lat'><strong>”⁰3</strong></span> 
     </span>
     <span class='ocr_line' id='line_1_41' title="bbox 37 3865 1020 3954; baseline -0.001 -18"><span class='ocrx_word' id='word_1_290' title='bbox 37 3891 102 3954; x_wconf 84' lang='lat' dir='ltr'><strong>que</strong></span> <span class='ocrx_word' id='word_1_291' title='bbox 120 3869 191 3938; x_wconf 82' lang='lat' dir='ltr'><strong>oua</strong></span> <span class='ocrx_word' id='word_1_292' title='bbox 209 3871 427 3940; x_wconf 85' lang='lat' dir='ltr'><strong>multitudine</strong></span> <span class='ocrx_word' id='word_1_293' title='bbox 444 3870 480 3940; x_wconf 92' lang='lat' dir='ltr'><strong>in</strong></span> <span class='ocrx_word' id='word_1_294' title='bbox 500 3888 602 3943; x_wconf 80' lang='lat' dir='ltr'><strong>unum</strong></span> <span class='ocrx_word' id='word_1_295' title='bbox 621 3874 732 3946; x_wconf 63' lang='lat' dir='ltr'><strong>Mum</strong></span> <span class='ocrx_word' id='word_1_296' title='bbox 751 3865 1020 3938; x_wconf 67' lang='lat' dir='ltr'><strong>cosso-issico.</strong></span> 
     </span>
    </p>
   </div>
   <div class='ocr_carea' id='block_1_4' title="bbox 0 0 1206 4354">
    <p class='ocr_par' dir='ltr' id='par_1_8' title="bbox 0 0 1206 4354">
     <span class='ocr_line' id='line_1_42' title="bbox 0 0 1206 4354; baseline 0 2"><span class='ocrx_word' id='word_1_297' title='bbox 0 0 1206 4354; x_wconf 95' lang='lat' dir='ltr'><strong> </strong></span> 
     </span>
    </p>
   </div>
  </div>
 </body>
</html>
