2404 4354
25 219 36 291 ·.
188 141 275 257 snos
364 181 463 254 ,nn
492 166 678 254 senno
706 177 962 298 anccrco

18 341 35 432 ,Ϊ
125 351 140 412 ·'
185 383 262 430 cnm
277 357 394 428 labora
409 363 446 426 et
460 355 618 425 continua
635 339 859 426 dimicatione.
883 299 1058 450 Oppidani
1073 307 1172 434 enim

185 451 260 518 loco
274 445 448 537 superiore
457 445 674 513 decurrentes
682 445 811 513 eminus
821 445 894 513 sine
903 447 1054 536 periculo
1062 473 1174 540 proe-

185 537 565 620 liabanturmultosque
578 532 796 622 pertinaciter
812 529 1029 605 succedentes
1046 542 1173 607 vulne·

53 622 56 626 ’
174 625 319 703 rebant,
332 631 494 689 attamen
506 643 571 687 non
587 620 840 690 deterrerentur
848 623 975 691 milites
988 628 1099 694 nostri
1112 631 1169 694 vi-

34 2657 58 2726 j
175 2640 393 2726 paratissimo
413 2623 543 2706 sustine
568 2644 627 2701 ant
646 2639 773 2705 animo:
795 2659 851 2704 res
867 2637 954 2720 onim
962 2641 1149 2725 gerebatur

184 735 266 780 neas
287 712 439 802 prolerre
453 717 587 797 atqueo
633 705 728 774 ribus
747 710 896 776 locorum
915 713 1046 780 uincere
1069 699 1169 782 dilli-

181 797 346 868 ‘cultutesl
381 795 507 864 Eodem
523 729 674 884 temssre
689 803 797 862 tectos
812 798 983 865 cuniculos
998 800 1167 871 abrincis

141 877 147 887 ⁸
186 894 298 976 agunt·
312 886 356 953 ad
374 891 476 975 caput
498 884 621 964 fontis,
644 881 735 970 quod
750 889 854 969 gertus
871 886 983 974 operis
996 891 1068 955 sine
1085 893 1165 958 ullo

76 986 86 1004 ‘
230 976 337 1044 riculo
359 982 395 1040 et
418 975 492 1041 sine
514 969 705 1062 suspicione
728 971 875 1040 bostium
891 973 1004 1040 iacere
1018 977 1162 1050 licebat.

183 999 383 1132 distratum
392 1083 494 1147 agger
506 1063 543 1127 in
555 1057 765 1126 altitudinem
774 1057 894 1147 pedum
901 1081 957 1141 rx,
971 1064 1165 1134 collocatur

182 1154 219 1220 in
234 1175 275 1222 eo
291 1152 397 1218 turris
411 1171 434 1214 x
448 1147 689 1227 tabulatorum,
703 1167 770 1211 non
782 1146 916 1234 quidam
930 1171 1016 1236 qnae
1030 1155 1164 1222 moeni-

132 1255 135 1263 ·
182 1239 247 1308 bus
264 1237 526 1326 adaequaretur,
549 1233 585 1301 id
597 1235 683 1300 enim
698 1235 802 1300 nullis
816 1233 975 1323 operibns
988 1239 1079 1318 ellici
1097 1264 1161 1330 po-

181 1335 291 1408 terat,
314 1327 375 1392 sed
395 1345 480 1414 quae
499 1330 678 1414 superaret
696 1321 800 1388 tontis
814 1323 1001 1408 fastigium.
1044 1326 1096 1394 Ex
1113 1352 1157 1396 ea

142 1477 146 1488 ,
183 1437 258 1482 cum
279 1415 347 1490 tela
364 1412 542 1490 torm‘entis.
558 1411 748 1477 iacerentur
763 1407 923 1477 alsontia
938 1409 1069 1496 aditus,
1093 1412 1158 1484 nec

181 1505 256 1571 sine
278 1501 438 1590 periculo·
451 1509 590 1589 possent
611 1497 773 1586 adaquari
791 1490 970 1587 oppidani,
999 1523 1061 1566 nou
1079 1510 1159 1570 tan·

181 1599 253 1659 tam
271 1611 391 1679 pecora
402 1595 512 1676 atque
530 1587 697 1666 iumenta,
720 1584 897 1666 sedetiam
912 1607 1030 1680 magna
1045 1589 1158 1658 bomi-

181 1701 260 1748 num
278 1675 458 1744 multitudo
475 1674 534 1742 siti
549 1671 818 1742 consumebatur.
954 1711 955 1716 κ
1019 1739 1023 1748 ,

266 1760 380 1836 XLlL
411 1761 488 1849 Quo
508 1763 595 1828 rnalo
610 1761 785 1849 perterriti
798 1757 958 1849 oppidani
977 1783 1082 1854 cupas
1098 1785 1158 1831 se-

179 1875 238 1933 ro,
259 1852 351 1940 pice,
372 1849 535 1916 scindulis
549 1848 735 1936 complent3
759 1871 817 1914 eas
831 1848 987 1916 ardentes
1000 1849 1035 1916 in
1049 1874 1155 1940 opera

84 1947 90 1952 '
145 1974 155 2002 ι
178 1941 392 2029 provolvunt
436 1935 563 2004 Eodem
585 1942 736 2024 tempore
752 1938 913 2005 acerrime
930 1939 1156 2025 proeliantur,

178 2036 219 2094 ut
238 2027 279 2092 ab
299 2023 452 2092 incendio
465 2023 705 2110 restinguendo
722 2021 936 2090 dimicatione
950 2035 985 2091 et
997 2027 1152 2114 periculo

111 2141 114 2148 ·
178 2113 373 2182 deterreant
384 2113 568 2184 Romanos.
596 2111 720 2198 Magna
734 2119 871 2200 repente
885 2113 920 2178 in
935 2113 1020 2201 ipsis
1036 2116 1154 2203 operi-

177 2203 243 2269 bus
261 2203 395 2270 'flamma
415 2200 560 2268 exstitit.
603 2196 831 2286 Quaedunque
852 2200 939 2266 enirn
960 2220 1023 2289 per
1038 2203 1152 2270 locum

177 2291 397 2380 praecipitem
419 2289 522 2354 missa
544 2294 659 2367 erant,
679 2307 720 2352 eu
741 2288 846 2354 vineis
867 2285 903 2354 et
924 2309 1045 2372 aggere
1066 2313 1152 2378 sup·
1198 2293 1200 2368 l

169 2433 175 2450 ,
203 2401 297 2446 ressa
311 2375 635 2466 comprehendebant
651 2372 686 2440 id
700 2371 927 2462 ipsum-quod
940 2375 1149 2450 morabatur.
1198 2369 1199 2428 l

176 2401 307 2534 lllilites
330 2475 446 2552 contra
468 2463 578 2554 nostri
600 2483 792 2550 quanquam·
811 2464 1002 2551 periculoso
1024 2486 1148 2552 genere
1197 2459 1198 2512 l

123 2569 124 2575 ’
175 2555 300 2642 proelii
317 2554 458 2640 locoque
482 2553 597 2702 inicpro
618 2549 874 2638 premebantur,
902 2556 1015 2617 tamen
1035 2554 1149 2620 omnia

139 2735 143 2742 ‘
175 2733 212 2792 et
232 2727 364 2792 excelso
381 2727 456 2792 loco
467 2735 503 2793 ot
517 2725 552 2791 in
568 2734 748 2814 conspectu
763 2727 1053 2802 exercitusnostri
1075 2749 1146 2794 ma·
1191 2775 1194 2848 p

174 2835 328 2903 gnusque
337 2815 507 2901 utrimque
519 2814 647 2880 clamor
659 2813 843 2884 oriebatur.
870 2812 924 2881 lta
937 2837 1038 2903 quam
1052 2818 1147 2903 quis-

172 2925 240 2992 quc
258 2909 394 2993 poterat
410 2922 562 2968 maxume
578 2899 740 2984 insignis,
759 2922 826 2990 quo
841 2902 954 2971 notior
971 2905 1146 2971 testatior-

93 2999 95 3004 ’
171 3013 238 3144 qppe
257 2992 367 3144 opptup
386 2992 459 3059 eius
482 2995 591 3072 esset,
610 2987 688 3056 tulis
703 2988 851 3058 bostium
864 2989 1084 3082 flammaeque
1108 3013 1146 3058 sc

172 3099 192 3146 0
220 3100 275 3146 01¹0
300 3101 341 3145 all
359 3117 379 3148 ι’

258 3164 391 3234 XLIII.
431 3161 560 3234 Caesar
577 3185 652 3248 cum
674 3165 862 3254 complures
878 3187 959 3234 suos
971 3163 1146 3234 vulnerari

167 3249 310 3334 rideret,
324 3277 364 3320 ex
376 3252 530 3319 omnibus
541 3251 657 3340 oppidi
667 3256 820 3341 partibus
830 3255 985 3328 cobortes
994 3260 1143 3320 montem

170 3339 360 3408 ascendero
376 3349 411 3407 et
440 3341 653 3407 simulatione
677 3341 844 3408 moenium
872 3339 1144 3433 occupandorum

82 3433 87 3439 '
121 3449 123 3454 ’
169 3428 348 3494 clamorem
358 3429 506 3515 undique
518 3427 612 3512 iubet
623 3428 755 3496 tollere.
776 3428 854 3516 Quo
864 3430 955 3497 facto
966 3427 1146 3520 perterriti

168 3515 330 3604 oppidani
352 3538 439 3581 cnm.
450 3515 531 3602 quid
548 3523 706 3600 ageretur
721 3517 755 3582 in
769 3517 854 3583 locis
867 3519 1010 3607 reliquis
1025 3523 1144 3584 essent

167 3601 296 3686 ignari,
318 3606 474 3692 suspensi
491 3612 656 3670 revocant.
667 3603 709 3668 ab
728 3605 963 3692 impugnandis
979 3603 1142 3696 operibus

167 3698 316 3758 armatos
333 3692 504 3776 murisque
520 3688 713 3778 disponunt
741 3689 796 3760 Ita
811 3693 922 3759 nostri
937 3693 1004 3764 fine
1017 3691 1141 3781 proelii

132 3847 134 3852 ,
165 3771 257 3841 lacto
270 3778 686 3861 celeriteroperaflamma
697 3773 935 3869 comprehensa
947 3781 1075 3870 partim
1089 3801 1143 3846 re-

166 3858 359 3947 stinguunt,
376 3865 502 3954 partim
517 3865 776 3936 interscindunt.
820 3867 904 3936 Cum
921 3867 1143 3974 pertinaciter

1055 3977 1140 4022 resr-
