2404 4354
166 157 243 226 sos.
334 85 942 270 ‚ou'lonouoeannrco

42 379 43 386 ,
174 325 324 405 hostium
340 319 494 392 'confert
531 317 640 390 'Haeo
669 319 829 417 imperat¹
844 321 934 392 vallo
958 319 1082 411 pedum
1107 277 1167 390 xil

115 415 126 464 ³
177 415 320 574 tull
334 411 545 566 allolldd
564 409 1067 586 ¹⁰f¹tt¹t¹¹¹stttzt⁰32tt⁸
1081 411 1165 563 “ll

553 543 567 578 ,
1151 539 1165 551 .

181 615 261 662 num
277 588 401 662 danum
419 585 586 653 lateribus
608 581 750 656 directis
772 584 944 673 deprimi,¹
958 587 1066 652 turris
1086 523 1165 652 dre-

79 668 82 691 '
154 680 155 683 '
182 681 263 752 bros
284 675 425 746 excitari
449 674 484 740 in
505 672 718 756 altitudinem
741 694 781 738 ιιι
803 673 1050 755 tabulatorum,
1079 697 1166 762 pon-

183 769 278 838 tibus
303 762 502 846 transieptis
529 763 781 848 constratisque
796 761 986 846 coniungi,
1020 785 1166 850 quorum

185 859 317 926 frontes
337 851 483 921 viminea
508 849 654 916 loricula
682 849 911 930 munirentur,
947 855 988 914 ut
1011 851 1125 916 hostis
1149 874 1167 914 a

187 943 318 1036 duplici
335 939 430 1008 fossa
452 935 581 1026 duplici
602 945 889 1026 propugnatorum
912 934 1030 1002 ordine
1053 938 1167 1005 deleu-

57 1079 59 1084 .
111 1076 115 1086 ,
190 1037 345 1117 deretur:
372 1047 514 1116 quorum
532 1019 619 1090 alter
638 1047 678 1091 cx
701 1025 861 1111 pontibus
883 1045 948 1112 quo
967 1025 1076 1092 tutior
1091 1026 1167 1090 alti·

88 1163 90 1172 ι
111 1125 116 1138 “
189 1122 309 1192 tudine
329 1121 439 1198 esset,
460 1113 522 1178 hob'
543 1111 705 1181 audacius
722 1112 926 1198 longiusque
941 1115 1008 1190 tela
1027 1113 1167 1202 permit-

63 1234 66 1246 ·
86 1231 89 1234 ·
166 1235 168 1242 ’
190 1215 300 1292 teret3
322 1205 428 1283 alter,
448 1200 508 1288 qui
524 1223 588 1289 pro
612 1202 807 1268 iorlsostcm
821 1201 944 1288 inipso
959 1203 1049 1267 vallo
1063 1202 1168 1268 collo-

155 1325 173 1341 ··
191 1305 290 1367 catus
311 1298 421 1372 essct,
446 1296 550 1378 ponte
569 1223 612 1355 ab
634 1287 862 1358 incidentibus
881 1287 960 1354 telis
984 1296 1167 1374 tegeretur.

104 1411 109 1426 ·
191 1383 310 1456 Portis
323 1380 416 1462 tores
432 1378 639 1464 altioresque
656 1381 772 1444 turres
784 1376 964 1465 imposuit.
1109 1397 1111 1402 ·

224 1573 227 1582 ,
277 1497 327 1570 Χ.
377 1491 714 1566 Ηιιίιιιιιιιιιιίιίοιιίβ
735 1489 860 1581 duplex
885 1499 961 1559 erat
980 1491 1169 1559 consilium.

193 1589 353 1674 Namque
371 1593 407 1652 ct
422 1606 560 1674 operum
577 1579 839 1670 magnitudinem
853 1586 888 1647 et
902 1581 1059 1658 timorem
1072 1601 1168 1646 suurn

56 1779 64 1790 ·
144 1751 151 1768 ’·
195 1677 357 1836 iiiiii
371 1669 940 1846 lttltttttttttlttlto
959 1674 1169 1822 titos·

198 1855 298 1932 dum,
323 1847 439 1939 parvis
465 1846 574 1935 copiis
596 1849 710 1928 castra
731 1843 917 1910 munitione
939 1775 1016 1932 idea
1037 1841 1171 1911 videbat

162 1937 165 1942 ’
197 1959 302 2036 posse
331 1930 478 2005 delendi.
525 1931 666 2000 Interim
699 1932 819 1998 crebro
854 1929 971 2022 paucis
995 1931 1170 2018 utrimque

198 2021 479 2120 procurrentibus
501 2019 591 2088 inter
609 2020 694 2086 ‘bina
714 2024 827 2086 eastra
876 2015 976 2085 aludis
996 2019 1170 2086 interiecta

172 2112 484 2190 'contendebatura
509 2129 609 2197 quam
632 2115 741 2178 tamen
763 2042 922 2196 paludem
939 2126 1171 2194 nonnunquam

134 2254 136 2260 r
202 2214 263 2274 aut
277 2208 394 2270 nostra
408 2197 538 2265 auxilia
549 2184 724 2266 Gallorum
741 2195 1052 2286 Germanorumque
1066 2203 1171 2263 trans-
1191 2267 1192 2270 Ἴ

112 2323 118 2340 ι
200 2294 299 2364 ibant
328 2289 506 2374 acriusque
534 2286 650 2352 hostes
676 2283 961 2372 insequebantur„
993 2279 1057 2349 aut
1077 2284 1192 2364 vicis-3

203 2381 270 2450 sim
286 2377 403 2446 hostes
423 2372 561 2441 eandem
576 2373 783 2458 transgressi
796 2377 931 2438 nostros
947 2371 1085 2458 lougius
1099 2369 1172 2438 sub·
1191 2389 1192 2428 ι

204 2467 396 2538 movebant.
449 2460 642 2531 Accidebat
669 2466 780 2526 autern
810 2459 1017 2548 quotidianis
1038 2457 1173 2550 pabula·

204 2553 375 2634 tionibus,
396 2548 433 2618 id
452 2547 716 2638 quod'accidere
735 2553 810 2614 crat
824 2567 980 2631 necesse,
999 2569 1077 2614 enm
1089 2544 1173 2612 raris
1191 2597 1192 2606 ,

181 2713 185 2724 ,
206 2640 429 2727 disiectisque
444 2661 484 2704 ex
499 2634 661 2702 aediliciis
672 2635 834 2727 pabulum
847 2637 1123 2723 conquireretur,
1140 2637 1173 2697 ut
1191 2671 1192 2706 ,

121 2785 125 2795 t
206 2726 381 2820 impeditis
398 2725 485 2792 locis
506 2721 653 2815 dispcrsi
667 2724 885 2814 pabulatores
901 2724 1172 2791 circumveniren·
1191 2713 1192 2766 l

71 2851 73 2854 ·
207 2827 285 2900 tura
309 2838 394 2904 quae
416 2836 471 2880 res
492 2815 560 2891 etsi
580 2811 747 2879 mediocre
765 2810 1000 2879 detrimentum
1015 2814 1171 2878 iumento-

132 2953 138 2966 .
208 2921 285 2976 rum
308 2927 347 2970 uc
372 2923 547 2986 servorum
566 2901 692 2967 nostris
717 2897 897 2983 afferebat,
919 2908 1033 2967 tumen
1052 2903 1172 2989 stultas

209 2991 432 3080 cogitationes
453 2988 615 3056 incitabat
632 2987 871 3070 barbarorum,
891 2993 993 3078 atque
1008 3009 1049 3056 eo
1064 2984 1172 3072 magis,

210 3081 302 3171 quod
314 3077 505 3159 Commius,
528 3097 625 3164 quem
641 3076 830 3168 profectum
844 3075 887 3141 ad
901 3077 1026 3144 auxilia
1041 3075 1173 3144 Germa·

208 3191 330 3236 norum
360 3164 562 3258 arcessenda
586 3163 704 3246 docui,
735 3169 808 3230 eum
837 3165 1007 3252 equitibus
1033 3165 1174 3236 venerat,

210 3257 269 3344 qui
285 3263 395 3321 tamen
410 3253 476 3320 etsi
490 3275 628 3318 numero
643 3274 708 3318 non
727 3253 871 3340 amplius
886 3261 984 3326 erant
995 3247 1175 3342 quingenti,

210 3351 323 3427 umen
338 3342 583 3410 Germanorum
605 3340 751 3419 aduentu
767 3340 905 3432 barbari
921 3337 1139 3408 inflabantur.

295 3457 363 3528 XI.
407 3459 535 3530 Caesar
558 3479 632 3524 oum
654 3457 799 3524 animum
821 3457 1029 3543 adverteret,
1050 3461 1171 3528 hostem

199 3549 401 3639 ‚complures
424 3547 497 3616 dies
521 3548 645 3614 castris
665 3546 788 3636 palude
807 3549 922 3616 etlooi
936 3557 1057 3616 natura
1077 3542 1191 3630 muni-¹

200 3635 256 3738 'tis
279 3657 317 3702 se
339 3644 471 3715 tenere,
500 3657 609 3722 neque
631 3639 818 3723 oppugnari
839 3645 951 3704 castra
973 3618 1092 3703 eorum
1112 3635 1172 3700 siue

209 3719 424 3798 dimicatione
462 3724 652 3811 perniciosa
690 3746 751 3789 nec
791 3725 903 3790 locum
941 3723 1171 3792 munitionibus

206 3806 321 3878 claudi
349 3809 414 3878 nisi
441 3824 464 3874 ¹a
493 3811 619 3877 maiora
647 3811 798 3880 exercitu
822 3835 942 3902 possa,
975 3813 1117 3885 litteras
1139 3802 1172 3873 ad
